[
{"name": "Fusilli n°48", "brand": "Rummo", "price": "2,73", "size": "500g", "unit_price": "5,46 €", "unit_label": "KG", "promo": "55% de remise sur le 2ème", "page": 1, "source_url": "https://www.franprix.fr/courses/promotions"},
{"name": "Tablette chocolat noir 70% cacao", "brand": "Lindt", "price": "2,99", "size": "100g", "unit_price": "29,90 €", "unit_label": "KG", "promo": "45% de remise sur le 2ème", "page": 1, "source_url": "https://www.franprix.fr/courses/promotions"},
{"name": "Bière blonde", "brand": "1664", "price": "8,02", "size": "12x25cl", "unit_price": "2,67 €", "unit_label": "L", "promo": "20% de remise", "page": 1, "source_url": "https://www.franprix.fr/courses/promotions"},
{"name": "Eau minérale naturelle", "brand": "Mont blanc", "price": "3,95", "size": "6x1l", "unit_price": "0,66 €", "unit_label": "L", "promo": "55% de remise sur le 2ème", "page": 1, "source_url": "https://www.franprix.fr/courses/promotions"},
{"name": "Boisson végétale lait d'amande sans sucre...", "brand": "Bjorg", "price": "3,05", "size": "1l", "unit_price": "3,05 €", "unit_label": "L", "promo": "55% de remise sur le 2ème", "page": 1, "source_url": "https://www.franprix.fr/courses/promotions"},
{"name": "Mozzarella", "brand": "Galbani", "price": "1,90", "size": "125g", "unit_price": "15,20 €", "unit_label": "KG", "promo": "45% de remise sur le 2ème", "page": 1, "source_url": "https://www.franprix.fr/courses/promotions"},
{"name": "Tablette chocolat noir à la pointe de...", "brand": "Lindt", "price": "2,99", "size": "100g", "unit_price": "29,90 €", "unit_label": "KG", "promo": "45% de remise sur le 2ème", "page": 1, "source_url": "https://www.franprix.fr/courses/promotions"},
{"name": "Fromage de brebis", "brand": "Salakis", "price": "3,75", "size": "200g", "unit_price": "18,75 €", "unit_label": "KG", "promo": "45% de remise sur le 2ème", "page": 1, "source_url": "https://www.franprix.fr/courses/promotions"},
{"name": "Snickers barres glacées aux cacahuètes", "brand": "Snickers", "price": "5,62", "size": "319g", "unit_price": "17,62 €", "unit_label": "KG", "promo": "45% de remise sur le 2ème", "page": 1, "source_url": "https://www.franprix.fr/courses/promotions"},
{"name": "Jambon supérieur cuit à l'étouffée", "brand": "Fleury Michon", "price": "4,75", "size": "4x35g", "unit_price": "33,93 €", "unit_label": "KG", "promo": "45% de remise sur le 2ème", "page": 1, "source_url": "https://www.franprix.fr/courses/promotions"},
{"name": "Bière blonde", "brand": "1664", "price": "5,72", "size": "6x33cl", "unit_price": "2,89 €", "unit_label": "L", "promo": "20% de remise", "page": 1, "source_url": "https://www.franprix.fr/courses/promotions"},
{"name": "Café moulu", "brand": "Malongo", "price": "4,84", "size": "250g", "unit_price": "19,36 €", "unit_label": "KG", "promo": "20% de remise", "page": 1, "source_url": "https://www.franprix.fr/courses/promotions"},
{"name": "Saumon fumé Atlantique Bio", "brand": "Labeyrie", "price": "5,57", "size": "65g", "unit_price": "85,69 €", "unit_label": "KG", "promo": "15% de remise", "page": 1, "source_url": "https://www.franprix.fr/courses/promotions"},
{"name": "Pain de mie 100% mie nature sans croûte", "brand": "Harrys", "price": "2,60", "size": "500g", "unit_price": "5,20 €", "unit_label": "KG", "promo": "55% de remise sur le 2ème", "page": 1, "source_url": "https://www.franprix.fr/courses/promotions"},
{"name": "Glaces cônes vanille", "brand": "Nestlé", "price": "5,35", "size": "426g", "unit_price": "12,56 €", "unit_label": "KG", "promo": "45% de remise sur le 2ème", "page": 1, "source_url": "https://www.franprix.fr/courses/promotions"},
{"name": "Chips ondulées nature", "brand": "Vico", "price": "1,90", "size": "150g", "unit_price": "12,67 €", "unit_label": "KG", "promo": "45% de remise sur le 2ème", "page": 1, "source_url": "https://www.franprix.fr/courses/promotions"},
{"name": "Chips barbecue", "brand": "Lay's", "price": "1,40", "size": "45g", "unit_price": "31,11 €", "unit_label": "KG", "promo": "55% de remise sur le 2ème", "page": 1, "source_url": "https://www.franprix.fr/courses/promotions"},
{"name": "Emmental râpé fondant", "brand": "Président", "price": "2,05", "size": "200g", "unit_price": "10,25 €", "unit_label": "KG", "promo": "25% de remise", "page": 1, "source_url": "https://www.franprix.fr/courses/promotions"},
{"name": "Mini cônes glacés vanille chocolat", "brand": "Extrême", "price": "7,00", "size": "8x39g", "unit_price": "22,43 €", "unit_label": "KG", "promo": "45% de remise sur le 2ème", "page": 1, "source_url": "https://www.franprix.fr/courses/promotions"},
{"name": "Biscuits feuilletés caramélisés palmiers", "brand": "LU", "price": "1,70", "size": "100g", "unit_price": "17,00 €", "unit_label": "KG", "promo": "45% de remise sur le 2ème", "page": 1, "source_url": "https://www.franprix.fr/courses/promotions"},
{"name": "Chips soufflées salé", "brand": "Monster munch", "price": "1,90", "size": "85g", "unit_price": "22,35 €", "unit_label": "KG", "promo": "45% de remise sur le 2ème", "page": 1, "source_url": "https://www.franprix.fr/courses/promotions"},
{"name": "Tablette chocolat lait au lait du pays...", "brand": "Milka", "price": "5,25", "size": "3x100g", "unit_price": "17,50 €", "unit_label": "KG", "promo": "45% de remise sur le 2ème", "page": 1, "source_url": "https://www.franprix.fr/courses/promotions"},
{"name": "Céréales au chocolat noir", "brand": "Spécial K", "price": "4,55", "size": "300g", "unit_price": "15,17 €", "unit_label": "KG", "promo": "45% de remise sur le 2ème", "page": 1, "source_url": "https://www.franprix.fr/courses/promotions"},
{"name": "Yaourt vanille bifidus", "brand": "Activia", "price": "2,31", "size": "4x125g", "unit_price": "4,62 €", "unit_label": "KG", "promo": "45% de remise sur le 2ème", "page": 1, "source_url": "https://www.franprix.fr/courses/promotions"},
{"name": "Glaçons à l'eau minérale", "brand": "Ice cube", "price": "2,80", "size": "1,25kg", "unit_price": "2,24 €", "unit_label": "KG", "promo": "15% de remise", "page": 1, "source_url": "https://www.franprix.fr/courses/promotions"},
{"name": "Boisson végétale lait d'avoine Bio", "brand": "Bjorg", "price": "3,20", "size": "1l", "unit_price": "3,20 €", "unit_label": "L", "promo": "55% de remise sur le 2ème", "page": 1, "source_url": "https://www.franprix.fr/courses/promotions"},
{"name": "Cake marbré chocolat", "brand": "Brossard", "price": "3,89", "size": "310g", "unit_price": "12,55 €", "unit_label": "KG", "promo": "45% de remise sur le 2ème", "page": 1, "source_url": "https://www.franprix.fr/courses/promotions"},
{"name": "Macaroni sauce tomate et boulettes de...", "brand": "Marie", "price": "4,35", "size": "280g", "unit_price": "15,54 €", "unit_label": "KG", "promo": "45% de remise sur le 2ème", "page": 1, "source_url": "https://www.franprix.fr/courses/promotions"},
{"name": "Rasoirs jetables 3 lames tête pivotante", "brand": "Gillette", "price": "12,70", "size": "x8", "unit_price": "12,70 €", "unit_label": "KG", "promo": "55% de remise sur le 2ème", "page": 1, "source_url": "https://www.franprix.fr/courses/promotions"},
{"name": "Mozzarella di bufala", "brand": "Casa Azzurra", "price": "3,03", "size": "125g", "unit_price": "24,24 €", "unit_label": "KG", "promo": "25% de remise", "page": 1, "source_url": "https://www.franprix.fr/courses/promotions"},
{"name": "Elicoidali n°49", "brand": "Rummo", "price": "2,73", "size": "500g", "unit_price": "5,46 €", "unit_label": "KG", "promo": "55% de remise sur le 2ème", "page": 1, "source_url": "https://www.franprix.fr/courses/promotions"},
{"name": "Fromage fondu nature en portions", "brand": "Kiri", "price": "4,30", "size": "12x18g", "unit_price": "19,91 €", "unit_label": "KG", "promo": "45% de remise sur le 2ème", "page": 1, "source_url": "https://www.franprix.fr/courses/promotions"},
{"name": "Cookies grosses pépites chocolat", "brand": "Granola", "price": "3,01", "size": "184g", "unit_price": "16,36 €", "unit_label": "KG", "promo": "45% de remise sur le 2ème", "page": 1, "source_url": "https://www.franprix.fr/courses/promotions"},
{"name": "Prosecco, vin pétillant rosé", "brand": "Vilaveroni", "price": "6,87", "size": "75cl", "unit_price": "9,16 €", "unit_label": "L", "promo": "20% de remise", "page": 1, "source_url": "https://www.franprix.fr/courses/promotions"},
{"name": "Boisson végétale lait d'amande calcium Bio", "brand": "Bjorg", "price": "3,65", "size": "1l", "unit_price": "3,65 €", "unit_label": "L", "promo": "55% de remise sur le 2ème", "page": 1, "source_url": "https://www.franprix.fr/courses/promotions"},
{"name": "Skyr framboise 2% mg", "brand": "Siggi's", "price": "3,05", "size": "2x140g", "unit_price": "10,89 €", "unit_label": "KG", "promo": "45% de remise sur le 2ème", "page": 1, "source_url": "https://www.franprix.fr/courses/promotions"},
{"name": "Pot de glace beurre de cacahète", "brand": "HAAGEN-DAZS", "price": "5,08", "size": "400g", "unit_price": "12,70 €", "unit_label": "KG", "promo": "20% de remise", "page": 1, "source_url": "https://www.franprix.fr/courses/promotions"},
{"name": "Boisson gazeuse aromatisée citron vert", "brand": "Maison perrier", "price": "1,25", "size": "1l", "unit_price": "1,25 €", "unit_label": "L", "promo": "45% de remise sur le 2ème", "page": 1, "source_url": "https://www.franprix.fr/courses/promotions"},
{"name": "Salade brooklyn", "brand": "Sodebo", "price": "5,99", "size": "320g", "unit_price": "18,72 €", "unit_label": "KG", "promo": "45% de remise sur le 2ème", "page": 1, "source_url": "https://www.franprix.fr/courses/promotions"},
{"name": "Sachet de glaçons", "brand": "Ice cube", "price": "2,80", "size": "1,25kg", "unit_price": "2,24 €", "unit_label": "KG", "promo": "15% de remise", "page": 1, "source_url": "https://www.franprix.fr/courses/promotions"},
{"name": "Côtes de Bordeaux AOP, vin rouge", "brand": "Château Virou", "price": "7,31", "size": "75cl", "unit_price": "9,75 €", "unit_label": "L", "promo": "15% de remise", "page": 1, "source_url": "https://www.franprix.fr/courses/promotions"},
{"name": "Chips ancienne nature", "brand": "Lay's", "price": "1,40", "size": "45g", "unit_price": "31,11 €", "unit_label": "KG", "promo": "55% de remise sur le 2ème", "page": 1, "source_url": "https://www.franprix.fr/courses/promotions"},
{"name": "Déboucheur gel canalisations", "brand": "Destop", "price": "4,41", "size": "750 ml", "unit_price": "5,88 €", "unit_label": "L", "promo": "55% de remise sur le 2ème", "page": 1, "source_url": "https://www.franprix.fr/courses/promotions"},
{"name": "Cornichons aigres-doux", "brand": "Kuhne", "price": "2,02", "size": "330g", "unit_price": "10,92 €", "unit_label": "KG", "promo": "25% de remise", "page": 1, "source_url": "https://www.franprix.fr/courses/promotions"},
{"name": "Chips sel nature", "brand": "Lay's", "price": "1,40", "size": "45g", "unit_price": "31,11 €", "unit_label": "KG", "promo": "55% de remise sur le 2ème", "page": 1, "source_url": "https://www.franprix.fr/courses/promotions"},
{"name": "Cacahuètes grillées salées", "brand": "Benenuts", "price": "1,95", "size": "220g", "unit_price": "8,86 €", "unit_label": "KG", "promo": "45% de remise sur le 2ème", "page": 1, "source_url": "https://www.franprix.fr/courses/promotions"},
{"name": "Vinaigrette légère à la moutarde de Dijon", "brand": "Lesieur", "price": "2,55", "size": "50cl", "unit_price": "5,10 €", "unit_label": "L", "promo": "25% de remise", "page": 1, "source_url": "https://www.franprix.fr/courses/promotions"},
{"name": "Boisson végétale lait d'amande grillée...", "brand": "Alpro", "price": "3,05", "size": "1l", "unit_price": "3,05 €", "unit_label": "L", "promo": "45% de remise sur le 2ème", "page": 1, "source_url": "https://www.franprix.fr/courses/promotions"},
{"name": "Pain de mie 100% mie complet sans croûte", "brand": "Harrys", "price": "3,25", "size": "500g", "unit_price": "6,50 €", "unit_label": "KG", "promo": "55% de remise sur le 2ème", "page": 1, "source_url": "https://www.franprix.fr/courses/promotions"},
{"name": "Lait sans lactose", "brand": "Matin leger", "price": "10,74", "size": "6x1l", "unit_price": "1,79 €", "unit_label": "L", "promo": "25% de remise", "page": 1, "source_url": "https://www.franprix.fr/courses/promotions"},
{"name": "Mini beignets fruits rouges", "brand": "Les Délices des 7 Vallées", "price": "3,31", "size": "8x25g", "unit_price": "16,55 €", "unit_label": "KG", "promo": "0.01€ de remise", "page": 1, "source_url": "https://www.franprix.fr/courses/promotions"},
{"name": "Prosecco, vin pétillant", "brand": "VILLA VERONI", "price": "7,64", "size": "75cl", "unit_price": "10,19 €", "unit_label": "L", "promo": "20% de remise", "page": 1, "source_url": "https://www.franprix.fr/courses/promotions"},
{"name": "Cinsault Grenache Pays d'Oc, vin rosé", "brand": "Roche Mazet", "price": "12,00", "size": "3L", "unit_price": "4,00 €", "unit_label": "L", "promo": "20% de remise", "page": 1, "source_url": "https://www.franprix.fr/courses/promotions"},
{"name": "Batonnet glace macadamia cracking", "brand": "Haagen-dazs", "price": "4,56", "size": "201g", "unit_price": "22,69 €", "unit_label": "KG", "promo": "20% de remise", "page": 1, "source_url": "https://www.franprix.fr/courses/promotions"},
{"name": "Assouplissant hypoallergénique souffle de...", "brand": "L'Arbre Vert", "price": "3,33", "size": "800ml", "unit_price": "4,16 €", "unit_label": "L", "promo": "25% de remise", "page": 1, "source_url": "https://www.franprix.fr/courses/promotions"},
{"name": "Saumon fumé Norvège 2 tranches", "brand": "Labeyrie", "price": "4,99", "size": "75g", "unit_price": "66,53 €", "unit_label": "KG", "promo": "15% de remise", "page": 1, "source_url": "https://www.franprix.fr/courses/promotions"},
{"name": "Eau minérale naturelle finement pétillante", "brand": "BADOIT", "price": "5,15", "size": "6x1l", "unit_price": "0,86 €", "unit_label": "L", "promo": "45% de remise sur le 2ème", "page": 1, "source_url": "https://www.franprix.fr/courses/promotions"},
{"name": "Tomacouli nature", "brand": "Panzani", "price": "2,01", "size": "3x200g", "unit_price": "3,35 €", "unit_label": "KG", "promo": "20% de remise", "page": 1, "source_url": "https://www.franprix.fr/courses/promotions"},
{"name": "Compote pomme poire", "brand": "Andros", "price": "2,20", "size": "4x100g", "unit_price": "5,50 €", "unit_label": "KG", "promo": "55% de remise sur le 2ème", "page": 1, "source_url": "https://www.franprix.fr/courses/promotions"},
{"name": "Taboulé oriental", "brand": "Pierre martinet", "price": "2,55", "size": "310g", "unit_price": "8,22 €", "unit_label": "KG", "promo": "45% de remise sur le 2ème", "page": 1, "source_url": "https://www.franprix.fr/courses/promotions"},
{"name": "Lardons fumés", "brand": "Herta", "price": "3,25", "size": "200g", "unit_price": "16,25 €", "unit_label": "KG", "promo": "45% de remise sur le 2ème", "page": 2, "source_url": "https://www.franprix.fr/courses/promotions?page=2"},
{"name": "Biscuits fourrés pâte à tartiner aux...", "brand": "Nutella", "price": "4,05", "size": "304g", "unit_price": "13,32 €", "unit_label": "KG", "promo": "45% de remise sur le 2ème", "page": 2, "source_url": "https://www.franprix.fr/courses/promotions?page=2"},
{"name": "Soda agrumes", "brand": "Schweppes", "price": "2,35", "size": "1l", "unit_price": "2,35 €", "unit_label": "L", "promo": "45% de remise sur le 2ème", "page": 2, "source_url": "https://www.franprix.fr/courses/promotions?page=2"},
{"name": "Eau gazeuse aromarisée pamplemousse citron", "brand": "Badoit", "price": "2,00", "size": "1l", "unit_price": "2,00 €", "unit_label": "L", "promo": "45% de remise sur le 2ème", "page": 2, "source_url": "https://www.franprix.fr/courses/promotions?page=2"},
{"name": "Blended scotch whisky", "brand": "Sir edward's", "price": "15,17", "size": "70cl", "unit_price": "21,67 €", "unit_label": "L", "promo": "1€ de remise", "page": 2, "source_url": "https://www.franprix.fr/courses/promotions?page=2"},
{"name": "Rillette thon", "brand": "Petit navire", "price": "2,75", "size": "125g", "unit_price": "22,00 €", "unit_label": "KG", "promo": "45% de remise sur le 2ème", "page": 2, "source_url": "https://www.franprix.fr/courses/promotions?page=2"},
{"name": "Yaourt à boire nature", "brand": "Actimel", "price": "4,25", "size": "6x100g", "unit_price": "7,08 €", "unit_label": "KG", "promo": "45% de remise sur le 2ème", "page": 2, "source_url": "https://www.franprix.fr/courses/promotions?page=2"},
{"name": "Plateau Tapas de volaille", "brand": "Maitre coq", "price": "6,97", "size": "500g", "unit_price": "13,94 €", "unit_label": "KG", "promo": "0.01€ de remise", "page": 2, "source_url": "https://www.franprix.fr/courses/promotions?page=2"},
{"name": "Eau minérale naturelle gazeuse", "brand": "PERRIER", "price": "5,30", "size": "6x1l", "unit_price": "0,88 €", "unit_label": "L", "promo": "45% de remise sur le 2ème", "page": 2, "source_url": "https://www.franprix.fr/courses/promotions?page=2"},
{"name": "Lait d'amande vanille", "brand": "Bjorg", "price": "3,89", "size": "1l", "unit_price": "3,89 €", "unit_label": "L", "promo": "55% de remise sur le 2ème", "page": 2, "source_url": "https://www.franprix.fr/courses/promotions?page=2"},
{"name": "Jus de fruits tutti frutti", "brand": "Innocent", "price": "4,05", "size": "90cl", "unit_price": "4,50 €", "unit_label": "L", "promo": "55% de remise sur le 2ème", "page": 2, "source_url": "https://www.franprix.fr/courses/promotions?page=2"},
{"name": "Pancake 10+2", "brand": "Brioche Pasquier", "price": "4,87", "size": "420g", "unit_price": "11,60 €", "unit_label": "KG", "promo": "0.01€ de remise", "page": 2, "source_url": "https://www.franprix.fr/courses/promotions?page=2"},
{"name": "Cacahuètes grillées", "brand": "Bénénuts", "price": "1,80", "size": "120g", "unit_price": "15,00 €", "unit_label": "KG", "promo": "45% de remise sur le 2ème", "page": 2, "source_url": "https://www.franprix.fr/courses/promotions?page=2"},
{"name": "Dessert végétal soja vanille", "brand": "Alpro", "price": "3,00", "size": "500g", "unit_price": "6,00 €", "unit_label": "KG", "promo": "45% de remise sur le 2ème", "page": 2, "source_url": "https://www.franprix.fr/courses/promotions?page=2"},
{"name": "Saucisson en tranches", "brand": "Cochonou", "price": "3,05", "size": "93g", "unit_price": "32,80 €", "unit_label": "KG", "promo": "45% de remise sur le 2ème", "page": 2, "source_url": "https://www.franprix.fr/courses/promotions?page=2"},
{"name": "Pot de glace caramel beurre salé", "brand": "Häagen-Dazs", "price": "6,38", "size": "400g", "unit_price": "15,95 €", "unit_label": "KG", "promo": "20% de remise", "page": 2, "source_url": "https://www.franprix.fr/courses/promotions?page=2"},
{"name": "Tablette chocolat lait et noisettes...", "brand": "Milka", "price": "4,25", "size": "2x100g", "unit_price": "21,25 €", "unit_label": "KG", "promo": "45% de remise sur le 2ème", "page": 2, "source_url": "https://www.franprix.fr/courses/promotions?page=2"},
{"name": "Sucre pure canne en poudre", "brand": "Blonvilliers", "price": "2,79", "size": "1kg", "unit_price": "2,79 €", "unit_label": "KG", "promo": "25% de remise", "page": 2, "source_url": "https://www.franprix.fr/courses/promotions?page=2"},
{"name": "Muscadet Sèvre et Maine, vin blanc", "brand": "Plessis duval", "price": "4,15", "size": "75cl", "unit_price": "5,53 €", "unit_label": "L", "promo": "20% de remise", "page": 2, "source_url": "https://www.franprix.fr/courses/promotions?page=2"},
{"name": "Café capsules compatibles Dolce Gusto...", "brand": "Nescafé", "price": "6,60", "size": "x16", "unit_price": "75,00 €", "unit_label": "KG", "promo": "45% de remise sur le 2ème", "page": 2, "source_url": "https://www.franprix.fr/courses/promotions?page=2"},
{"name": "Ravioles à poêler 3 fromages persil de la...", "brand": "Saint-Jean", "price": "4,99", "size": "310g", "unit_price": "16,10 €", "unit_label": "KG", "promo": "55% de remise sur le 2ème", "page": 2, "source_url": "https://www.franprix.fr/courses/promotions?page=2"},
{"name": "Café grains", "brand": "L'Or", "price": "24,69", "size": "1kg", "unit_price": "24,69 €", "unit_label": "KG", "promo": "55% de remise sur le 2ème", "page": 2, "source_url": "https://www.franprix.fr/courses/promotions?page=2"},
{"name": "Dessert végétal soja nature aux amandes", "brand": "Alpro", "price": "2,83", "size": "500g", "unit_price": "5,66 €", "unit_label": "KG", "promo": "45% de remise sur le 2ème", "page": 2, "source_url": "https://www.franprix.fr/courses/promotions?page=2"},
{"name": "Mini biscuits fourrés chocolat", "brand": "BN", "price": "2,83", "size": "175g", "unit_price": "16,17 €", "unit_label": "KG", "promo": "45% de remise sur le 2ème", "page": 2, "source_url": "https://www.franprix.fr/courses/promotions?page=2"},
{"name": "Tablette chocolat noir orange intense aux...", "brand": "Lindt", "price": "3,15", "size": "100g", "unit_price": "31,50 €", "unit_label": "KG", "promo": "45% de remise sur le 2ème", "page": 2, "source_url": "https://www.franprix.fr/courses/promotions?page=2"},
{"name": "Maïs sans sucres ajoutés Bio", "brand": "Bonduelle", "price": "3,40", "size": "2x140g", "unit_price": "12,14 €", "unit_label": "KG", "promo": "45% de remise sur le 2ème", "page": 2, "source_url": "https://www.franprix.fr/courses/promotions?page=2"},
{"name": "Yaourt à boire vanille cookie 0%", "brand": "Hipro", "price": "2,90", "size": "300g", "unit_price": "9,67 €", "unit_label": "KG", "promo": "45% de remise sur le 2ème", "page": 2, "source_url": "https://www.franprix.fr/courses/promotions?page=2"},
{"name": "Yaourt citron bifidus", "brand": "Activia", "price": "2,31", "size": "4x125g", "unit_price": "4,62 €", "unit_label": "KG", "promo": "45% de remise sur le 2ème", "page": 2, "source_url": "https://www.franprix.fr/courses/promotions?page=2"},
{"name": "Boisson gazeuse aromatisée citron", "brand": "Maison perrier", "price": "1,25", "size": "1l", "unit_price": "1,25 €", "unit_label": "L", "promo": "45% de remise sur le 2ème", "page": 2, "source_url": "https://www.franprix.fr/courses/promotions?page=2"},
{"name": "Bière blonde 5°5 canette", "brand": "1664", "price": "6,40", "size": "4x50cl", "unit_price": "3,20 €", "unit_label": "L", "promo": "45% de remise sur le 2ème", "page": 2, "source_url": "https://www.franprix.fr/courses/promotions?page=2"},
{"name": "Vinaigre balsamique de Modène", "brand": "Maille", "price": "4,91", "size": "50cl", "unit_price": "9,82 €", "unit_label": "L", "promo": "20% de remise", "page": 2, "source_url": "https://www.franprix.fr/courses/promotions?page=2"},
{"name": "Emmental râpé fondant", "brand": "Président", "price": "2,84", "size": "3x70g", "unit_price": "13,52 €", "unit_label": "KG", "promo": "25% de remise", "page": 2, "source_url": "https://www.franprix.fr/courses/promotions?page=2"},
{"name": "Batonnet glace a l'eau multi parfum", "brand": "Pop polo", "price": "3,75", "size": "700g", "unit_price": "5,36 €", "unit_label": "KG", "promo": "25% de remise", "page": 2, "source_url": "https://www.franprix.fr/courses/promotions?page=2"},
{"name": "Whisky red label", "brand": "Johnnie walker", "price": "18,21", "size": "70cl", "unit_price": "26,01 €", "unit_label": "L", "promo": "2€ de remise", "page": 2, "source_url": "https://www.franprix.fr/courses/promotions?page=2"},
{"name": "Tablette chocolat noir 90%", "brand": "Lindt", "price": "3,25", "size": "100g", "unit_price": "32,50 €", "unit_label": "KG", "promo": "45% de remise sur le 2ème", "page": 2, "source_url": "https://www.franprix.fr/courses/promotions?page=2"},
{"name": "Tablette chocolat noir 85% cacao", "brand": "Lindt", "price": "2,99", "size": "100g", "unit_price": "29,90 €", "unit_label": "KG", "promo": "45% de remise sur le 2ème", "page": 2, "source_url": "https://www.franprix.fr/courses/promotions?page=2"},
{"name": "Skyr nature", "brand": "Siggi's", "price": "3,10", "size": "2X140g", "unit_price": "11,07 €", "unit_label": "KG", "promo": "45% de remise sur le 2ème", "page": 2, "source_url": "https://www.franprix.fr/courses/promotions?page=2"},
{"name": "Bière blonde 5°5", "brand": "1664", "price": "1,95", "size": "50cl", "unit_price": "3,90 €", "unit_label": "L", "promo": "45% de remise sur le 2ème", "page": 2, "source_url": "https://www.franprix.fr/courses/promotions?page=2"},
{"name": "Glaces cônes fraise vanille", "brand": "Extrême", "price": "5,70", "size": "6x71g", "unit_price": "13,38 €", "unit_label": "KG", "promo": "45% de remise sur le 2ème", "page": 2, "source_url": "https://www.franprix.fr/courses/promotions?page=2"},
{"name": "Dessert végétal soja à la mangue sans...", "brand": "Alpro", "price": "3,52", "size": "400g", "unit_price": "8,80 €", "unit_label": "KG", "promo": "45% de remise sur le 2ème", "page": 2, "source_url": "https://www.franprix.fr/courses/promotions?page=2"},
{"name": "Bière blonde à l'ancienne", "brand": "La goudale", "price": "5,09", "size": "6x25cl", "unit_price": "3,39 €", "unit_label": "L", "promo": "20% de remise", "page": 2, "source_url": "https://www.franprix.fr/courses/promotions?page=2"},
{"name": "Houmous Bio", "brand": "Atelier Blini", "price": "3,86", "size": "160g", "unit_price": "24,13 €", "unit_label": "KG", "promo": "20% de remise", "page": 2, "source_url": "https://www.franprix.fr/courses/promotions?page=2"},
{"name": "Glace sorbet tropical", "brand": "Oasis", "price": "3,37", "size": "400g", "unit_price": "8,43 €", "unit_label": "KG", "promo": "25% de remise", "page": 2, "source_url": "https://www.franprix.fr/courses/promotions?page=2"},
{"name": "Dentifrice total active prévention...", "brand": "Colgate", "price": "3,33", "size": "75ml", "unit_price": "44,40 €", "unit_label": "L", "promo": "25% de remise", "page": 2, "source_url": "https://www.franprix.fr/courses/promotions?page=2"},
{"name": "Jus pomme pêche et poire", "brand": "Innocent", "price": "4,05", "size": "90cl", "unit_price": "4,50 €", "unit_label": "L", "promo": "55% de remise sur le 2ème", "page": 2, "source_url": "https://www.franprix.fr/courses/promotions?page=2"},
{"name": "Côtes de Provence AOP, vin rosé", "brand": "Villa louise", "price": "7,39", "size": "75cl", "unit_price": "9,85 €", "unit_label": "L", "promo": "1€ de remise", "page": 2, "source_url": "https://www.franprix.fr/courses/promotions?page=2"},
{"name": "Cacahuètes enrobées de biscuit goût salé", "brand": "Bénénuts", "price": "1,65", "size": "150g", "unit_price": "11,00 €", "unit_label": "KG", "promo": "45% de remise sur le 2ème", "page": 2, "source_url": "https://www.franprix.fr/courses/promotions?page=2"},
{"name": "Café en grains", "brand": "Lavazza", "price": "6,14", "size": "250g", "unit_price": "24,56 €", "unit_label": "KG", "promo": null, "page": 2, "source_url": "https://www.franprix.fr/courses/promotions?page=2"},
{"name": "Salade antibes", "brand": "Sodebo", "price": "5,80", "size": "320g", "unit_price": "18,13 €", "unit_label": "KG", "promo": "45% de remise sur le 2ème", "page": 2, "source_url": "https://www.franprix.fr/courses/promotions?page=2"},
{"name": "Tablette chocolat noir framboise intense", "brand": "Lindt", "price": "3,25", "size": "100g", "unit_price": "32,50 €", "unit_label": "KG", "promo": "45% de remise sur le 2ème", "page": 2, "source_url": "https://www.franprix.fr/courses/promotions?page=2"},
{"name": "Gâteaux marbrés chocolat", "brand": "Brossard", "price": "3,41", "size": "7x30g", "unit_price": "16,24 €", "unit_label": "KG", "promo": "45% de remise sur le 2ème", "page": 2, "source_url": "https://www.franprix.fr/courses/promotions?page=2"},
{"name": "Café capsules compatible Nespresso Pike...", "brand": "Starbucks", "price": "5,14", "size": "x10", "unit_price": "102,80 €", "unit_label": "KG", "promo": "55% de remise sur le 2ème", "page": 2, "source_url": "https://www.franprix.fr/courses/promotions?page=2"},
{"name": "Glace vanille brownie", "brand": "Häagen-Dazs", "price": "6,60", "size": "386g", "unit_price": "17,10 €", "unit_label": "KG", "promo": "20% de remise", "page": 2, "source_url": "https://www.franprix.fr/courses/promotions?page=2"},
{"name": "Tablette chocolat lait praliné noisettes...", "brand": "Lindt", "price": "3,10", "size": "100g", "unit_price": "31,00 €", "unit_label": "KG", "promo": "45% de remise sur le 2ème", "page": 2, "source_url": "https://www.franprix.fr/courses/promotions?page=2"},
{"name": "Snickers gold", "brand": "Snickers", "price": "5,05", "size": "204g", "unit_price": "24,75 €", "unit_label": "KG", "promo": "45% de remise sur le 2ème", "page": 2, "source_url": "https://www.franprix.fr/courses/promotions?page=2"},
{"name": "Tablette chocolat lait au lait du pays...", "brand": "Milka", "price": "3,57", "size": "200g", "unit_price": "17,85 €", "unit_label": "KG", "promo": "45% de remise sur le 2ème", "page": 2, "source_url": "https://www.franprix.fr/courses/promotions?page=2"},
{"name": "Biscuits nappés chocolat lait", "brand": "M&M's", "price": "3,65", "size": "198g", "unit_price": "18,43 €", "unit_label": "KG", "promo": "35% de remise sur le 2ème", "page": 2, "source_url": "https://www.franprix.fr/courses/promotions?page=2"},
{"name": "Barre protéinée avec vitamines saveur...", "brand": "Fulfil", "price": "2,28", "size": "55g", "unit_price": "41,45 €", "unit_label": "KG", "promo": "25% de remise", "page": 2, "source_url": "https://www.franprix.fr/courses/promotions?page=2"},
{"name": "Biscuits apéritifs bacon 3D", "brand": "Lay's", "price": "1,35", "size": "85g", "unit_price": "15,88 €", "unit_label": "KG", "promo": "55% de remise sur le 2ème", "page": 2, "source_url": "https://www.franprix.fr/courses/promotions?page=2"},
{"name": "Café en grains roma", "brand": "Lavazza", "price": "6,09", "size": "250g", "unit_price": "24,36 €", "unit_label": "KG", "promo": null, "page": 2, "source_url": "https://www.franprix.fr/courses/promotions?page=2"},
{"name": "Chips saveur cheddar et ciboulette", "brand": "Tyrrell's", "price": "4,00", "size": "150g", "unit_price": "26,67 €", "unit_label": "KG", "promo": "45% de remise sur le 2ème", "page": 3, "source_url": "https://www.franprix.fr/courses/promotions?page=3"},
{"name": "Filets de maquereaux grillés nature", "brand": "Saupiquet", "price": "3,25", "size": "120g", "unit_price": "27,08 €", "unit_label": "KG", "promo": "45% de remise sur le 2ème", "page": 3, "source_url": "https://www.franprix.fr/courses/promotions?page=3"},
{"name": "Glace mini pot macadamia et noix", "brand": "Häagen-Dazs", "price": "6,60", "size": "324g", "unit_price": "20,37 €", "unit_label": "KG", "promo": "20% de remise", "page": 3, "source_url": "https://www.franprix.fr/courses/promotions?page=3"},
{"name": "Biscuits chocolat kinder duo", "brand": "Kinder", "price": "3,25", "size": "150g", "unit_price": "21,67 €", "unit_label": "KG", "promo": "45% de remise sur le 2ème", "page": 3, "source_url": "https://www.franprix.fr/courses/promotions?page=3"},
{"name": "Barre protéinée de céréales à la cacahuète", "brand": "Feed", "price": "2,17", "size": "55g", "unit_price": "39,45 €", "unit_label": "KG", "promo": "25% de remise", "page": 3, "source_url": "https://www.franprix.fr/courses/promotions?page=3"},
{"name": "Soupe instantannée", "brand": "Hikari miso", "price": "5,30", "size": "58g", "unit_price": "91,38 €", "unit_label": "KG", "promo": "45% de remise sur le 2ème", "page": 3, "source_url": "https://www.franprix.fr/courses/promotions?page=3"},
{"name": "Lardons de volaille fumés halal", "brand": "Oriental viandes", "price": "2,85", "size": "2x100g", "unit_price": "14,25 €", "unit_label": "KG", "promo": "5% de remise", "page": 3, "source_url": "https://www.franprix.fr/courses/promotions?page=3"},
{"name": "Bâtonnet sorbet oasis multifruits", "brand": "Oasis", "price": "2,71", "size": "x10", "unit_price": "6,78 €", "unit_label": "KG", "promo": "25% de remise", "page": 3, "source_url": "https://www.franprix.fr/courses/promotions?page=3"},
{"name": "Yaourt brebis châtaigne Bio", "brand": "Vrai", "price": "2,48", "size": "2x125g", "unit_price": "9,92 €", "unit_label": "KG", "promo": "20% de remise", "page": 3, "source_url": "https://www.franprix.fr/courses/promotions?page=3"},
{"name": "Blended scotch whisky", "brand": "CLAN CAMPBELL", "price": "25,05", "size": "1l", "unit_price": "25,05 €", "unit_label": "L", "promo": "1.8€ de remise", "page": 3, "source_url": "https://www.franprix.fr/courses/promotions?page=3"},
{"name": "Biscuits apéritifs nature", "brand": "Lay's", "price": "1,35", "size": "85g", "unit_price": "15,88 €", "unit_label": "KG", "promo": "55% de remise sur le 2ème", "page": 3, "source_url": "https://www.franprix.fr/courses/promotions?page=3"},
{"name": "Chardonnay IGP Pays d'Oc, vin blanc", "brand": "Gérard bertrand", "price": "8,66", "size": "75cl", "unit_price": "11,55 €", "unit_label": "L", "promo": "15% de remise", "page": 3, "source_url": "https://www.franprix.fr/courses/promotions?page=3"},
{"name": "Crème dépilatoire homme corps peaux...", "brand": "Veet", "price": "7,99", "size": "200ml", "unit_price": "39,95 €", "unit_label": "L", "promo": "55% de remise sur le 2ème", "page": 3, "source_url": "https://www.franprix.fr/courses/promotions?page=3"},
{"name": "Barre repas au sésame et au chocolat", "brand": "Feed", "price": "3,74", "size": "70g", "unit_price": "53,43 €", "unit_label": "KG", "promo": "25% de remise", "page": 3, "source_url": "https://www.franprix.fr/courses/promotions?page=3"},
{"name": "Eau gazeuse aromarisée citron fraise", "brand": "Badoit", "price": "1,99", "size": "1l", "unit_price": "1,99 €", "unit_label": "L", "promo": "45% de remise sur le 2ème", "page": 3, "source_url": "https://www.franprix.fr/courses/promotions?page=3"},
{"name": "Pepsi", "brand": "Pepsi", "price": "1,89", "size": "1,5l", "unit_price": "1,26 €", "unit_label": "L", "promo": "55% de remise sur le 2ème", "page": 3, "source_url": "https://www.franprix.fr/courses/promotions?page=3"},
{"name": "Bière triple fruits des bois 8°5", "brand": "Wink", "price": "2,43", "size": "44cl", "unit_price": "5,52 €", "unit_label": "L", "promo": "25% de remise", "page": 3, "source_url": "https://www.franprix.fr/courses/promotions?page=3"},
{"name": "Tablette chocolat lait aux éclats de Daim", "brand": "Milka", "price": "3,60", "size": "2x100g", "unit_price": "18,00 €", "unit_label": "KG", "promo": "45% de remise sur le 2ème", "page": 3, "source_url": "https://www.franprix.fr/courses/promotions?page=3"},
{"name": "Eponge gomme magique nettoyante", "brand": "Mr propre", "price": "5,45", "size": "x2", "unit_price": "5,45 €", "unit_label": "KG", "promo": "45% de remise sur le 2ème", "page": 3, "source_url": "https://www.franprix.fr/courses/promotions?page=3"},
{"name": "Filets de sardines citron basilic", "brand": "Saupiquet", "price": "2,30", "size": "100g", "unit_price": "23,00 €", "unit_label": "KG", "promo": "45% de remise sur le 2ème", "page": 3, "source_url": "https://www.franprix.fr/courses/promotions?page=3"},
{"name": "Clou de girofle", "brand": "Ducros", "price": "3,45", "size": "29g", "unit_price": "118,97 €", "unit_label": "KG", "promo": "45% de remise sur le 2ème", "page": 3, "source_url": "https://www.franprix.fr/courses/promotions?page=3"},
{"name": "Vin pétillant", "brand": "Cave Monge Granon Verdie", "price": "6,79", "size": "75cl", "unit_price": "9,05 €", "unit_label": "L", "promo": "20% de remise", "page": 3, "source_url": "https://www.franprix.fr/courses/promotions?page=3"},
{"name": "Boisson végétale avoine", "brand": "Alpro", "price": "2,89", "size": "1l", "unit_price": "2,89 €", "unit_label": "L", "promo": "45% de remise sur le 2ème", "page": 3, "source_url": "https://www.franprix.fr/courses/promotions?page=3"},
{"name": "Burrata di Bufala", "brand": "Casa azzurra", "price": "4,60", "size": "200g", "unit_price": "23,00 €", "unit_label": "KG", "promo": "25% de remise", "page": 3, "source_url": "https://www.franprix.fr/courses/promotions?page=3"},
{"name": "Chips soufflées jambon fromage", "brand": "Monster munch", "price": "1,95", "size": "85g", "unit_price": "22,94 €", "unit_label": "KG", "promo": "45% de remise sur le 2ème", "page": 3, "source_url": "https://www.franprix.fr/courses/promotions?page=3"},
{"name": "Jus orange sanguine grenade citron vert", "brand": "Innocent", "price": "4,04", "size": "90cl", "unit_price": "4,49 €", "unit_label": "L", "promo": "55% de remise sur le 2ème", "page": 3, "source_url": "https://www.franprix.fr/courses/promotions?page=3"},
{"name": "Brownies and cookie dough", "brand": "Ben & jerry's", "price": "5,71", "size": "406g", "unit_price": "14,06 €", "unit_label": "KG", "promo": "20% de remise", "page": 3, "source_url": "https://www.franprix.fr/courses/promotions?page=3"},
{"name": "Pepsi zéro sucre", "brand": "Pepsi", "price": "1,80", "size": "1l", "unit_price": "1,80 €", "unit_label": "L", "promo": "55% de remise sur le 2ème", "page": 3, "source_url": "https://www.franprix.fr/courses/promotions?page=3"},
{"name": "Pepsi zéro sucre", "brand": "Pepsi", "price": "1,94", "size": "1,5L", "unit_price": "1,29 €", "unit_label": "L", "promo": "55% de remise sur le 2ème", "page": 3, "source_url": "https://www.franprix.fr/courses/promotions?page=3"},
{"name": "Glaces mini pot au caramel", "brand": "Häagen-Dazs", "price": "6,72", "size": "95ml", "unit_price": "20,93 €", "unit_label": "L", "promo": "20% de remise", "page": 3, "source_url": "https://www.franprix.fr/courses/promotions?page=3"},
{"name": "Café capsules compatibles Dolce Gusto...", "brand": "Nescafé", "price": "6,60", "size": "x16", "unit_price": "58,93 €", "unit_label": "KG", "promo": "45% de remise sur le 2ème", "page": 3, "source_url": "https://www.franprix.fr/courses/promotions?page=3"},
{"name": "Jus ananas et passion", "brand": "Innocent", "price": "4,05", "size": "90cl", "unit_price": "4,50 €", "unit_label": "L", "promo": "55% de remise sur le 2ème", "page": 3, "source_url": "https://www.franprix.fr/courses/promotions?page=3"},
{"name": "Assortiment de pots de glace", "brand": "Häagen-Dazs", "price": "6,72", "size": "318g", "unit_price": "21,13 €", "unit_label": "KG", "promo": "20% de remise", "page": 3, "source_url": "https://www.franprix.fr/courses/promotions?page=3"},
{"name": "Cinsault IGP Pays d'OC, vin rosé", "brand": "Roche Mazet", "price": "3,56", "size": "75cl", "unit_price": "4,75 €", "unit_label": "L", "promo": "20% de remise", "page": 3, "source_url": "https://www.franprix.fr/courses/promotions?page=3"},
{"name": "Gauffre coeur fondant", "brand": "Lotus bakeries", "price": "3,06", "size": "x10", "unit_price": "9,87 €", "unit_label": "KG", "promo": "25% de remise", "page": 3, "source_url": "https://www.franprix.fr/courses/promotions?page=3"},
{"name": "Tablette chocolat lait caramel à la...", "brand": "Lindt", "price": "3,60", "size": "100g", "unit_price": "36,00 €", "unit_label": "KG", "promo": "45% de remise sur le 2ème", "page": 3, "source_url": "https://www.franprix.fr/courses/promotions?page=3"},
{"name": "Rillette saumon", "brand": "Petit navire", "price": "2,55", "size": "125g", "unit_price": "20,40 €", "unit_label": "KG", "promo": "45% de remise sur le 2ème", "page": 3, "source_url": "https://www.franprix.fr/courses/promotions?page=3"},
{"name": "Fromage blanc brebis nature Bio", "brand": "Vrai", "price": "2,72", "size": "400g", "unit_price": "6,80 €", "unit_label": "KG", "promo": "20% de remise", "page": 3, "source_url": "https://www.franprix.fr/courses/promotions?page=3"},
{"name": "Barres céréales au chocolat au lait", "brand": "Kellogg's", "price": "3,52", "size": "x6", "unit_price": "29,33 €", "unit_label": "KG", "promo": "45% de remise sur le 2ème", "page": 3, "source_url": "https://www.franprix.fr/courses/promotions?page=3"},
{"name": "Tablette chocolat noir rocher coeur...", "brand": "Lindt", "price": "4,85", "size": "150g", "unit_price": "32,33 €", "unit_label": "KG", "promo": "45% de remise sur le 2ème", "page": 3, "source_url": "https://www.franprix.fr/courses/promotions?page=3"},
{"name": "Tablette chocolat lait praliné aux éclats...", "brand": "Lindt", "price": "4,89", "size": "150g", "unit_price": "32,60 €", "unit_label": "KG", "promo": "45% de remise sur le 2ème", "page": 3, "source_url": "https://www.franprix.fr/courses/promotions?page=3"},
{"name": "Sprats de riga MSC aux graines de moutarde", "brand": "Paralleles", "price": "3,55", "size": "160g", "unit_price": "22,19 €", "unit_label": "KG", "promo": "25% de remise", "page": 3, "source_url": "https://www.franprix.fr/courses/promotions?page=3"},
{"name": "Crème glacée cookies", "brand": "Ben & jerry's", "price": "6,17", "size": "406g", "unit_price": "15,20 €", "unit_label": "KG", "promo": "20% de remise", "page": 3, "source_url": "https://www.franprix.fr/courses/promotions?page=3"},
{"name": "Bière IPA", "brand": "L.B.F.", "price": "2,87", "size": "33cl", "unit_price": "8,70 €", "unit_label": "L", "promo": "25% de remise", "page": 3, "source_url": "https://www.franprix.fr/courses/promotions?page=3"},
{"name": "Bière ambrée", "brand": "Jenlain", "price": "1,76", "size": "50cl", "unit_price": "3,52 €", "unit_label": "L", "promo": "25% de remise", "page": 3, "source_url": "https://www.franprix.fr/courses/promotions?page=3"},
{"name": "Recharge liquide vaisselle", "brand": "BRIOCHIN", "price": "4,40", "size": "450ml", "unit_price": "9,78 €", "unit_label": "L", "promo": "55% de remise sur le 2ème", "page": 3, "source_url": "https://www.franprix.fr/courses/promotions?page=3"},
{"name": "Café capsules compatibles Nespresso...", "brand": "Starbucks", "price": "5,05", "size": "x10", "unit_price": "95,28 €", "unit_label": "KG", "promo": "55% de remise sur le 2ème", "page": 3, "source_url": "https://www.franprix.fr/courses/promotions?page=3"},
{"name": "Tablette chocolat lait rocher coeur...", "brand": "Lindt", "price": "4,85", "size": "150g", "unit_price": "32,33 €", "unit_label": "KG", "promo": "45% de remise sur le 2ème", "page": 3, "source_url": "https://www.franprix.fr/courses/promotions?page=3"},
{"name": "Salades Stockholm", "brand": "Sodebo", "price": "6,17", "size": "320g", "unit_price": "19,28 €", "unit_label": "KG", "promo": "45% de remise sur le 2ème", "page": 3, "source_url": "https://www.franprix.fr/courses/promotions?page=3"},
{"name": "Liquide vaisselle pompe", "brand": "Briochin", "price": "4,65", "size": "500ml", "unit_price": "9,30 €", "unit_label": "L", "promo": "55% de remise sur le 2ème", "page": 3, "source_url": "https://www.franprix.fr/courses/promotions?page=3"},
{"name": "Chips piment doux et paprika", "brand": "Tyrrell's", "price": "4,09", "size": "150g", "unit_price": "27,27 €", "unit_label": "KG", "promo": "45% de remise sur le 2ème", "page": 3, "source_url": "https://www.franprix.fr/courses/promotions?page=3"},
{"name": "Extrême vanille praline", "brand": "Extreme", "price": "5,77", "size": "426g", "unit_price": "13,54 €", "unit_label": "KG", "promo": "45% de remise sur le 2ème", "page": 3, "source_url": "https://www.franprix.fr/courses/promotions?page=3"},
{"name": "Chocolats aux éclats de Daim", "brand": "Milka", "price": "3,05", "size": "145g", "unit_price": "21,03 €", "unit_label": "KG", "promo": "45% de remise sur le 2ème", "page": 3, "source_url": "https://www.franprix.fr/courses/promotions?page=3"},
{"name": "Tablette chocolat noir caramel à la...", "brand": "Lindt", "price": "3,15", "size": "100g", "unit_price": "31,50 €", "unit_label": "KG", "promo": "45% de remise sur le 2ème", "page": 3, "source_url": "https://www.franprix.fr/courses/promotions?page=3"},
{"name": "Boisson gazeuse aromatisée citrus fizz", "brand": "Maison perrier", "price": "3,69", "size": "4x25cl", "unit_price": "3,69 €", "unit_label": "L", "promo": "45% de remise sur le 2ème", "page": 3, "source_url": "https://www.franprix.fr/courses/promotions?page=3"},
{"name": "Extrême sundae caramel", "brand": "Extreme", "price": "5,30", "size": "438g", "unit_price": "12,10 €", "unit_label": "KG", "promo": "45% de remise sur le 2ème", "page": 3, "source_url": "https://www.franprix.fr/courses/promotions?page=3"},
{"name": "Café capsules compatibles Dolce Gusto...", "brand": "Nescafé", "price": "6,14", "size": "x16", "unit_price": "33,01 €", "unit_label": "KG", "promo": "45% de remise sur le 2ème", "page": 3, "source_url": "https://www.franprix.fr/courses/promotions?page=3"},
{"name": "Chips saveur spicy", "brand": "Lay's", "price": "2,35", "size": "130g", "unit_price": "18,08 €", "unit_label": "KG", "promo": "55% de remise sur le 2ème", "page": 3, "source_url": "https://www.franprix.fr/courses/promotions?page=3"},
{"name": "Eau gazeuse aromarisée citron et citron...", "brand": "Badoit", "price": "2,25", "size": "1l", "unit_price": "2,25 €", "unit_label": "L", "promo": "45% de remise sur le 2ème", "page": 3, "source_url": "https://www.franprix.fr/courses/promotions?page=3"},
{"name": "Café grains classique", "brand": "Carte noire", "price": "6,14", "size": "250g", "unit_price": "24,56 €", "unit_label": "KG", "promo": null, "page": 3, "source_url": "https://www.franprix.fr/courses/promotions?page=3"},
{"name": "Filets de sardines à l'huile olive", "brand": "Saupiquet", "price": "2,50", "size": "100g", "unit_price": "25,00 €", "unit_label": "KG", "promo": "45% de remise sur le 2ème", "page": 4, "source_url": "https://www.franprix.fr/courses/promotions?page=4"},
{"name": "Oasis Pêche Pomme Framboise", "brand": "Oasis", "price": "2,73", "size": "x10", "unit_price": "6,83 €", "unit_label": "KG", "promo": "25% de remise", "page": 4, "source_url": "https://www.franprix.fr/courses/promotions?page=4"},
{"name": "Mélange d'épices mexicaines", "brand": "Ducros", "price": "2,95", "size": "40g", "unit_price": "73,75 €", "unit_label": "KG", "promo": "45% de remise sur le 2ème", "page": 4, "source_url": "https://www.franprix.fr/courses/promotions?page=4"},
{"name": "Yaourt à boire fraise framboise 0%", "brand": "Hipro", "price": "3,10", "size": "300g", "unit_price": "10,33 €", "unit_label": "KG", "promo": "45% de remise sur le 2ème", "page": 4, "source_url": "https://www.franprix.fr/courses/promotions?page=4"},
{"name": "Crème chantilly vanille", "brand": "Isigny/ste mere", "price": "4,04", "size": "250g", "unit_price": "16,16 €", "unit_label": "KG", "promo": "55% de remise sur le 2ème", "page": 4, "source_url": "https://www.franprix.fr/courses/promotions?page=4"},
{"name": "Café Ricoré original", "brand": "Nestlé", "price": "4,05", "size": "100g", "unit_price": "40,50 €", "unit_label": "KG", "promo": "55% de remise sur le 2ème", "page": 4, "source_url": "https://www.franprix.fr/courses/promotions?page=4"},
{"name": "Tablette chocolat lait extra fin et...", "brand": "Lindt", "price": "3,15", "size": "100g", "unit_price": "31,50 €", "unit_label": "KG", "promo": "45% de remise sur le 2ème", "page": 4, "source_url": "https://www.franprix.fr/courses/promotions?page=4"},
{"name": "Curcuma moulu", "brand": "Ducros", "price": "3,40", "size": "37g", "unit_price": "75,56 €", "unit_label": "KG", "promo": "45% de remise sur le 2ème", "page": 4, "source_url": "https://www.franprix.fr/courses/promotions?page=4"},
{"name": "Nectar fraise", "brand": "Pago", "price": "2,39", "size": "75cl", "unit_price": "3,19 €", "unit_label": "L", "promo": "20% de remise", "page": 4, "source_url": "https://www.franprix.fr/courses/promotions?page=4"},
{"name": "Jus pomme framboise", "brand": "Innocent", "price": "3,99", "size": "90cl", "unit_price": "4,43 €", "unit_label": "L", "promo": "55% de remise sur le 2ème", "page": 4, "source_url": "https://www.franprix.fr/courses/promotions?page=4"},
{"name": "Extrême fruits rouges", "brand": "Extreme", "price": "5,30", "size": "426g", "unit_price": "12,10 €", "unit_label": "KG", "promo": "45% de remise sur le 2ème", "page": 4, "source_url": "https://www.franprix.fr/courses/promotions?page=4"},
{"name": "Basilic", "brand": "Ducros", "price": "2,30", "size": "11g", "unit_price": "209,09 €", "unit_label": "KG", "promo": "45% de remise sur le 2ème", "page": 4, "source_url": "https://www.franprix.fr/courses/promotions?page=4"},
{"name": "Ail semoule", "brand": "Ducros", "price": "2,75", "size": "60g", "unit_price": "45,83 €", "unit_label": "KG", "promo": "45% de remise sur le 2ème", "page": 4, "source_url": "https://www.franprix.fr/courses/promotions?page=4"},
{"name": "Tablette creation creme brulée", "brand": "Lindt", "price": "4,85", "size": "150g", "unit_price": "32,33 €", "unit_label": "KG", "promo": "45% de remise sur le 2ème", "page": 4, "source_url": "https://www.franprix.fr/courses/promotions?page=4"},
{"name": "Jus d'orange avec pulpe", "brand": "Innocent", "price": "3,88", "size": "90cl", "unit_price": "4,31 €", "unit_label": "L", "promo": "55% de remise sur le 2ème", "page": 4, "source_url": "https://www.franprix.fr/courses/promotions?page=4"},
{"name": "Tablette chocolat noir doux 70% cacao", "brand": "Lindt", "price": "2,99", "size": "100g", "unit_price": "29,90 €", "unit_label": "KG", "promo": "45% de remise sur le 2ème", "page": 4, "source_url": "https://www.franprix.fr/courses/promotions?page=4"},
{"name": "Jus myrtille pomme cassis", "brand": "Innocent", "price": "4,05", "size": "90cl", "unit_price": "4,50 €", "unit_label": "L", "promo": "55% de remise sur le 2ème", "page": 4, "source_url": "https://www.franprix.fr/courses/promotions?page=4"},
{"name": "Bière blonde 6°5", "brand": "Parisis", "price": "2,02", "size": "33cl", "unit_price": "6,12 €", "unit_label": "L", "promo": "25% de remise", "page": 4, "source_url": "https://www.franprix.fr/courses/promotions?page=4"},
{"name": "Tablette chocolat lait tendre au lait", "brand": "Milka", "price": "3,83", "size": "2x100g", "unit_price": "19,15 €", "unit_label": "KG", "promo": "45% de remise sur le 2ème", "page": 4, "source_url": "https://www.franprix.fr/courses/promotions?page=4"},
{"name": "Tablette chocolat au lait fourrée Oreo", "brand": "Milka", "price": "3,83", "size": "2x100g", "unit_price": "19,15 €", "unit_label": "KG", "promo": "45% de remise sur le 2ème", "page": 4, "source_url": "https://www.franprix.fr/courses/promotions?page=4"},
{"name": "Tablette chocolat blanc extra velouté...", "brand": "Lindt", "price": "3,05", "size": "100g", "unit_price": "30,50 €", "unit_label": "KG", "promo": "45% de remise sur le 2ème", "page": 4, "source_url": "https://www.franprix.fr/courses/promotions?page=4"},
{"name": "Gel nettoyant visage et barbe", "brand": "King c gillette", "price": "9,37", "size": "350ml", "unit_price": "26,77 €", "unit_label": "L", "promo": "25% de remise", "page": 4, "source_url": "https://www.franprix.fr/courses/promotions?page=4"},
{"name": "Tablette chocolat noir amandes", "brand": "Lindt", "price": "3,60", "size": "100g", "unit_price": "36,00 €", "unit_label": "KG", "promo": "45% de remise sur le 2ème", "page": 4, "source_url": "https://www.franprix.fr/courses/promotions?page=4"},
{"name": "Extreme caramel au beurre salé", "brand": "Nestlé", "price": "6,05", "size": "426g", "unit_price": "14,20 €", "unit_label": "KG", "promo": "45% de remise sur le 2ème", "page": 4, "source_url": "https://www.franprix.fr/courses/promotions?page=4"},
{"name": "Rasoirs jetables 2 lames", "brand": "Gillette", "price": "5,60", "size": "x10", "unit_price": "5,60 €", "unit_label": "KG", "promo": "55% de remise sur le 2ème", "page": 4, "source_url": "https://www.franprix.fr/courses/promotions?page=4"},
{"name": "Tablette chocolat lait fourrée au lait et...", "brand": "Milka", "price": "3,95", "size": "2x100g", "unit_price": "19,75 €", "unit_label": "KG", "promo": "45% de remise sur le 2ème", "page": 4, "source_url": "https://www.franprix.fr/courses/promotions?page=4"},
{"name": "Snickers glacé chocolat blanc", "brand": "Snickers", "price": "4,70", "size": "244g", "unit_price": "19,26 €", "unit_label": "KG", "promo": "45% de remise sur le 2ème", "page": 4, "source_url": "https://www.franprix.fr/courses/promotions?page=4"},
{"name": "Linguine n°13", "brand": "Rummo", "price": "2,73", "size": "500g", "unit_price": "5,46 €", "unit_label": "KG", "promo": "55% de remise sur le 2ème", "page": 4, "source_url": "https://www.franprix.fr/courses/promotions?page=4"},
{"name": "Skyr myrtille 2% mg", "brand": "Siggi's", "price": "3,08", "size": "2x140g", "unit_price": "11,00 €", "unit_label": "KG", "promo": "45% de remise sur le 2ème", "page": 4, "source_url": "https://www.franprix.fr/courses/promotions?page=4"},
{"name": "Essuie tout sans tube", "brand": "Okay", "price": "9,54", "size": "3+1", "unit_price": "9,23 €", "unit_label": "KG", "promo": "0.01€ de remise", "page": 4, "source_url": "https://www.franprix.fr/courses/promotions?page=4"},
{"name": "Tablette chocolat noir 78%", "brand": "Lindt", "price": "3,60", "size": "100g", "unit_price": "36,00 €", "unit_label": "KG", "promo": "45% de remise sur le 2ème", "page": 4, "source_url": "https://www.franprix.fr/courses/promotions?page=4"},
{"name": "Extrême menthe chocolat", "brand": "Extreme", "price": "5,77", "size": "426g", "unit_price": "13,54 €", "unit_label": "KG", "promo": "45% de remise sur le 2ème", "page": 4, "source_url": "https://www.franprix.fr/courses/promotions?page=4"},
{"name": "Tablette chocolat noir 70% cacao sel rose...", "brand": "Lindt", "price": "3,60", "size": "100g", "unit_price": "36,00 €", "unit_label": "KG", "promo": "45% de remise sur le 2ème", "page": 4, "source_url": "https://www.franprix.fr/courses/promotions?page=4"},
{"name": "Glace Cône sorbets citron et framboise", "brand": "Extreme", "price": "5,18", "size": "438g", "unit_price": "11,83 €", "unit_label": "KG", "promo": "45% de remise sur le 2ème", "page": 4, "source_url": "https://www.franprix.fr/courses/promotions?page=4"},
{"name": "Skyr vanille 2% mg", "brand": "Siggi's", "price": "3,10", "size": "2x140g", "unit_price": "11,07 €", "unit_label": "KG", "promo": "45% de remise sur le 2ème", "page": 4, "source_url": "https://www.franprix.fr/courses/promotions?page=4"},
{"name": "Blinis Bio", "brand": "Atelier blini", "price": "2,72", "size": "8x20g", "unit_price": "17,00 €", "unit_label": "KG", "promo": "20% de remise", "page": 4, "source_url": "https://www.franprix.fr/courses/promotions?page=4"},
{"name": "Bière blonde 6°5", "brand": "3 monts", "price": "2,20", "size": "50cl", "unit_price": "4,40 €", "unit_label": "L", "promo": "45% de remise sur le 2ème", "page": 4, "source_url": "https://www.franprix.fr/courses/promotions?page=4"},
{"name": "Tablette chocolat lait et riz croustillant", "brand": "Milka", "price": "3,83", "size": "2x100g", "unit_price": "19,15 €", "unit_label": "KG", "promo": "45% de remise sur le 2ème", "page": 4, "source_url": "https://www.franprix.fr/courses/promotions?page=4"},
{"name": "Penne au poulet et au pesto", "brand": "Marie", "price": "5,35", "size": "280g", "unit_price": "19,11 €", "unit_label": "KG", "promo": "45% de remise sur le 2ème", "page": 4, "source_url": "https://www.franprix.fr/courses/promotions?page=4"},
{"name": "Sauvignon IGP Pays d'Oc, vin blanc", "brand": "Roche Mazet", "price": "3,83", "size": "75cl", "unit_price": "5,11 €", "unit_label": "L", "promo": "20% de remise", "page": 4, "source_url": "https://www.franprix.fr/courses/promotions?page=4"},
{"name": "Tablette de chocolat noir aux 3 graines", "brand": "Lindt", "price": "3,05", "size": "100g", "unit_price": "30,50 €", "unit_label": "KG", "promo": "45% de remise sur le 2ème", "page": 4, "source_url": "https://www.franprix.fr/courses/promotions?page=4"},
{"name": "Lait écrémé bouteille", "brand": "Matin leger", "price": "1,91", "size": "1l", "unit_price": "1,91 €", "unit_label": "L", "promo": "25% de remise", "page": 4, "source_url": "https://www.franprix.fr/courses/promotions?page=4"},
{"name": "Biscuits apéritifs saveur fromage", "brand": "Cheetos", "price": "1,12", "size": "75g", "unit_price": "14,93 €", "unit_label": "KG", "promo": "25% de remise", "page": 4, "source_url": "https://www.franprix.fr/courses/promotions?page=4"},
{"name": "Extrême crème brulée", "brand": "Extreme", "price": "5,30", "size": "426g", "unit_price": "12,44 €", "unit_label": "KG", "promo": "45% de remise sur le 2ème", "page": 4, "source_url": "https://www.franprix.fr/courses/promotions?page=4"},
{"name": "Biscuits apéritifs cacahuète 3D", "brand": "Lay's", "price": "1,35", "size": "85g", "unit_price": "15,88 €", "unit_label": "KG", "promo": "55% de remise sur le 2ème", "page": 4, "source_url": "https://www.franprix.fr/courses/promotions?page=4"},
{"name": "Chips sel de mer", "brand": "Tyrrell's", "price": "4,10", "size": "150g", "unit_price": "27,33 €", "unit_label": "KG", "promo": "45% de remise sur le 2ème", "page": 4, "source_url": "https://www.franprix.fr/courses/promotions?page=4"},
{"name": "Bière blonde de flandre", "brand": "3 monts", "price": "3,65", "size": "75cl", "unit_price": "4,87 €", "unit_label": "L", "promo": "45% de remise sur le 2ème", "page": 4, "source_url": "https://www.franprix.fr/courses/promotions?page=4"},
{"name": "Tablette chocolat noir sésame grillé", "brand": "Lindt", "price": "3,01", "size": "100g", "unit_price": "30,10 €", "unit_label": "KG", "promo": "45% de remise sur le 2ème", "page": 4, "source_url": "https://www.franprix.fr/courses/promotions?page=4"},
{"name": "Chips cuites au four nature", "brand": "Lay's", "price": "2,60", "size": "130g", "unit_price": "20,00 €", "unit_label": "KG", "promo": "55% de remise sur le 2ème", "page": 4, "source_url": "https://www.franprix.fr/courses/promotions?page=4"},
{"name": "Biscuits apéritifs fromage 3D", "brand": "Lay's", "price": "1,35", "size": "85g", "unit_price": "15,88 €", "unit_label": "KG", "promo": "55% de remise sur le 2ème", "page": 4, "source_url": "https://www.franprix.fr/courses/promotions?page=4"},
{"name": "Lait écrémé Bio bouteille", "brand": "Matin leger", "price": "2,17", "size": "1l", "unit_price": "2,17 €", "unit_label": "L", "promo": "25% de remise", "page": 4, "source_url": "https://www.franprix.fr/courses/promotions?page=4"},
{"name": "Filets de maquereaux grillés aux herbes...", "brand": "Saupiquet", "price": "3,62", "size": "120g", "unit_price": "30,17 €", "unit_label": "KG", "promo": "45% de remise sur le 2ème", "page": 4, "source_url": "https://www.franprix.fr/courses/promotions?page=4"},
{"name": "Lait écrémé sans lactose", "brand": "Matin leger", "price": "11,53", "size": "6x1l", "unit_price": "1,92 €", "unit_label": "L", "promo": "25% de remise", "page": 4, "source_url": "https://www.franprix.fr/courses/promotions?page=4"},
{"name": "Tablette chocolat lait Lindor", "brand": "Lindt", "price": "4,55", "size": "150g", "unit_price": "30,33 €", "unit_label": "KG", "promo": "45% de remise sur le 2ème", "page": 4, "source_url": "https://www.franprix.fr/courses/promotions?page=4"},
{"name": "Chips saveur sauce barbecue maxi", "brand": "Lay's", "price": "2,36", "size": "120g", "unit_price": "19,67 €", "unit_label": "KG", "promo": "55% de remise sur le 2ème", "page": 4, "source_url": "https://www.franprix.fr/courses/promotions?page=4"},
{"name": "Tablette chocolat noir menthe intense", "brand": "Lindt", "price": "3,05", "size": "100g", "unit_price": "30,50 €", "unit_label": "KG", "promo": "45% de remise sur le 2ème", "page": 4, "source_url": "https://www.franprix.fr/courses/promotions?page=4"},
{"name": "Lait écrémé sans lactose Bio", "brand": "Matin leger", "price": "11,54", "size": "6x1l", "unit_price": "1,92 €", "unit_label": "L", "promo": "25% de remise", "page": 4, "source_url": "https://www.franprix.fr/courses/promotions?page=4"},
{"name": "Lait sans lactose", "brand": "Matin leger", "price": "1,80", "size": "1l", "unit_price": "1,80 €", "unit_label": "L", "promo": "25% de remise", "page": 4, "source_url": "https://www.franprix.fr/courses/promotions?page=4"},
{"name": "Biscuits chocolat noir tablette", "brand": "Delichoc", "price": "2,57", "size": "150g", "unit_price": "17,13 €", "unit_label": "KG", "promo": "45% de remise sur le 2ème", "page": 4, "source_url": "https://www.franprix.fr/courses/promotions?page=4"},
{"name": "Mini saucisses à l'orientale halal", "brand": "El saada", "price": "3,84", "size": "400g", "unit_price": "9,60 €", "unit_label": "KG", "promo": "5% de remise", "page": 4, "source_url": "https://www.franprix.fr/courses/promotions?page=4"},
{"name": "Dessert végétal soja nature à la noix de...", "brand": "Alpro", "price": "3,00", "size": "500g", "unit_price": "6,00 €", "unit_label": "KG", "promo": "45% de remise sur le 2ème", "page": 5, "source_url": "https://www.franprix.fr/courses/promotions?page=5"},
{"name": "Chips sel de mer et poivre noir concassé", "brand": "Tyrrell's", "price": "4,09", "size": "150g", "unit_price": "27,27 €", "unit_label": "KG", "promo": "45% de remise sur le 2ème", "page": 5, "source_url": "https://www.franprix.fr/courses/promotions?page=5"},
{"name": "Chips saveur cheeseburger", "brand": "Lay's", "price": "2,00", "size": "120g", "unit_price": "16,67 €", "unit_label": "KG", "promo": "55% de remise sur le 2ème", "page": 5, "source_url": "https://www.franprix.fr/courses/promotions?page=5"},
{"name": "Huile barbe", "brand": "King c gillette", "price": "9,30", "size": "30ml", "unit_price": "310,00 €", "unit_label": "L", "promo": "25% de remise", "page": 5, "source_url": "https://www.franprix.fr/courses/promotions?page=5"},
{"name": "Glaces cônes chocolat pistache", "brand": "Extrême", "price": "5,70", "size": "6x71g", "unit_price": "13,38 €", "unit_label": "KG", "promo": "45% de remise sur le 2ème", "page": 5, "source_url": "https://www.franprix.fr/courses/promotions?page=5"},
{"name": "Bière blonde", "brand": "1664", "price": "3,25", "size": "75cl", "unit_price": "4,33 €", "unit_label": "L", "promo": "45% de remise sur le 2ème", "page": 5, "source_url": "https://www.franprix.fr/courses/promotions?page=5"},
{"name": "Tablette chocolat noir Lindor", "brand": "Lindt", "price": "4,57", "size": "150g", "unit_price": "30,47 €", "unit_label": "KG", "promo": "45% de remise sur le 2ème", "page": 5, "source_url": "https://www.franprix.fr/courses/promotions?page=5"},
{"name": "Jambon supérieur sans nitrite", "brand": "Fleury michon", "price": "7,15", "size": "210g", "unit_price": "34,05 €", "unit_label": "KG", "promo": "45% de remise sur le 2ème", "page": 5, "source_url": "https://www.franprix.fr/courses/promotions?page=5"},
{"name": "Cône chocolat pépite de nougatine", "brand": "Extrême", "price": "5,62", "size": "x6", "unit_price": "13,19 €", "unit_label": "KG", "promo": "45% de remise sur le 2ème", "page": 5, "source_url": "https://www.franprix.fr/courses/promotions?page=5"},
{"name": "Mascarpone", "brand": "Galbani", "price": "4,62", "size": "250g", "unit_price": "18,48 €", "unit_label": "KG", "promo": "45% de remise sur le 2ème", "page": 5, "source_url": "https://www.franprix.fr/courses/promotions?page=5"},
{"name": "Chips au vinaigre", "brand": "Tyrrell's", "price": "4,09", "size": "150g", "unit_price": "27,27 €", "unit_label": "KG", "promo": "45% de remise sur le 2ème", "page": 5, "source_url": "https://www.franprix.fr/courses/promotions?page=5"},
{"name": "Parmentier de saumon aux épinards", "brand": "Fleury michon", "price": "5,51", "size": "300g", "unit_price": "18,37 €", "unit_label": "KG", "promo": "45% de remise sur le 2ème", "page": 5, "source_url": "https://www.franprix.fr/courses/promotions?page=5"},
{"name": "Cabernet d'Anjou AOC, vin rosé", "brand": "Plessis duval", "price": "5,19", "size": "75cl", "unit_price": "6,92 €", "unit_label": "L", "promo": "20% de remise", "page": 5, "source_url": "https://www.franprix.fr/courses/promotions?page=5"},
{"name": "Glaces cônes café", "brand": "Extrême", "price": "5,83", "size": "6x71g", "unit_price": "13,69 €", "unit_label": "KG", "promo": "45% de remise sur le 2ème", "page": 5, "source_url": "https://www.franprix.fr/courses/promotions?page=5"},
{"name": "Biscuits fourrés au chocolat", "brand": "BN", "price": "1,90", "size": "285g", "unit_price": "6,67 €", "unit_label": "KG", "promo": "45% de remise sur le 2ème", "page": 5, "source_url": "https://www.franprix.fr/courses/promotions?page=5"},
{"name": "Bière punk IPA", "brand": "Brewdog", "price": "3,65", "size": "50cl", "unit_price": "7,30 €", "unit_label": "L", "promo": "100% de remise sur le 3ème", "page": 5, "source_url": "https://www.franprix.fr/courses/promotions?page=5"},
{"name": "Papier toilette confort aquatube", "brand": "Lotus", "price": "4,88", "size": "x6", "unit_price": "4,88 €", "unit_label": "KG", "promo": "45% de remise sur le 2ème", "page": 5, "source_url": "https://www.franprix.fr/courses/promotions?page=5"},
{"name": "Eau minérale naturelle des Vosges", "brand": "Vittel", "price": "3,41", "size": "6x50cl", "unit_price": "1,14 €", "unit_label": "L", "promo": "45% de remise sur le 2ème", "page": 5, "source_url": "https://www.franprix.fr/courses/promotions?page=5"},
{"name": "Eau minérale naturelle des Vosges", "brand": "Vittel", "price": "3,49", "size": "6x75cl", "unit_price": "0,78 €", "unit_label": "L", "promo": "45% de remise sur le 2ème", "page": 5, "source_url": "https://www.franprix.fr/courses/promotions?page=5"},
{"name": "Eau minérale naturelle des Vosges", "brand": "Vittel", "price": "3,90", "size": "6x1l", "unit_price": "0,65 €", "unit_label": "L", "promo": "45% de remise sur le 2ème", "page": 5, "source_url": "https://www.franprix.fr/courses/promotions?page=5"},
{"name": "Chips soufflées ketchup", "brand": "Monster munch", "price": "1,90", "size": "85g", "unit_price": "22,35 €", "unit_label": "KG", "promo": "45% de remise sur le 2ème", "page": 5, "source_url": "https://www.franprix.fr/courses/promotions?page=5"},
{"name": "Boisson à bas de rhum ambré 35°", "brand": "Captain morgan", "price": "18,35", "size": "70cl", "unit_price": "26,21 €", "unit_label": "L", "promo": "1€ de remise", "page": 5, "source_url": "https://www.franprix.fr/courses/promotions?page=5"},
{"name": "Mozzarella maxi", "brand": "Galbani", "price": "3,25", "size": "250g", "unit_price": "13,00 €", "unit_label": "KG", "promo": "45% de remise sur le 2ème", "page": 5, "source_url": "https://www.franprix.fr/courses/promotions?page=5"},
{"name": "4 tranches de saumon fumé Bio", "brand": "Labeyrie", "price": "9,38", "size": "110g", "unit_price": "85,27 €", "unit_label": "KG", "promo": "15% de remise", "page": 5, "source_url": "https://www.franprix.fr/courses/promotions?page=5"},
{"name": "Tzatziki Bio", "brand": "Atelier blini", "price": "3,85", "size": "160g", "unit_price": "24,06 €", "unit_label": "KG", "promo": "20% de remise", "page": 5, "source_url": "https://www.franprix.fr/courses/promotions?page=5"},
{"name": "Bordeaux AOC, vin rouge", "brand": "Beaux parleurs", "price": "4,71", "size": "75cl", "unit_price": "6,28 €", "unit_label": "L", "promo": "25% de remise", "page": 5, "source_url": "https://www.franprix.fr/courses/promotions?page=5"},
{"name": "Velours de vinaigre balsamique", "brand": "Maille", "price": "5,32", "size": "25cl", "unit_price": "21,28 €", "unit_label": "L", "promo": "20% de remise", "page": 5, "source_url": "https://www.franprix.fr/courses/promotions?page=5"},
{"name": "Céréales granola au chocolat noir et aux...", "brand": "Kellogg's", "price": "5,50", "size": "500g", "unit_price": "11,00 €", "unit_label": "KG", "promo": "45% de remise sur le 2ème", "page": 5, "source_url": "https://www.franprix.fr/courses/promotions?page=5"},
{"name": "Café capsules compatibles Nespresso house...", "brand": "Starbucks", "price": "5,05", "size": "x10", "unit_price": "88,60 €", "unit_label": "KG", "promo": "55% de remise sur le 2ème", "page": 5, "source_url": "https://www.franprix.fr/courses/promotions?page=5"},
{"name": "Déodorant stick homme peaux sensibles", "brand": "Williams", "price": "3,46", "size": "75ml", "unit_price": "46,13 €", "unit_label": "L", "promo": "25% de remise", "page": 5, "source_url": "https://www.franprix.fr/courses/promotions?page=5"},
{"name": "Yaourt muesli framboise graine de chia...", "brand": "Activia", "price": "2,80", "size": "170g", "unit_price": "16,47 €", "unit_label": "KG", "promo": "45% de remise sur le 2ème", "page": 5, "source_url": "https://www.franprix.fr/courses/promotions?page=5"},
{"name": "Café capsules compatibles Nespresso...", "brand": "Starbucks", "price": "5,10", "size": "x10", "unit_price": "89,47 €", "unit_label": "KG", "promo": "55% de remise sur le 2ème", "page": 5, "source_url": "https://www.franprix.fr/courses/promotions?page=5"},
{"name": "Dessert végétal soja nature sans sucres...", "brand": "Alpro", "price": "3,05", "size": "500g", "unit_price": "6,10 €", "unit_label": "KG", "promo": "45% de remise sur le 2ème", "page": 5, "source_url": "https://www.franprix.fr/courses/promotions?page=5"},
{"name": "Poivre gris moulu force 7", "brand": "Ducros", "price": "2,05", "size": "36g", "unit_price": "56,94 €", "unit_label": "KG", "promo": "45% de remise sur le 2ème", "page": 5, "source_url": "https://www.franprix.fr/courses/promotions?page=5"},
{"name": "Compote pomme rhubarbe", "brand": "Andros", "price": "2,26", "size": "4x100g", "unit_price": "5,65 €", "unit_label": "KG", "promo": "55% de remise sur le 2ème", "page": 5, "source_url": "https://www.franprix.fr/courses/promotions?page=5"},
{"name": "Boisson végétale protéinée chocolat", "brand": "Alpro", "price": "2,75", "size": "250 ml", "unit_price": "11,00 €", "unit_label": "KG", "promo": "45% de remise sur le 2ème", "page": 5, "source_url": "https://www.franprix.fr/courses/promotions?page=5"},
{"name": "Barre repas chocolat", "brand": "Feed", "price": "3,81", "size": "100g", "unit_price": "38,10 €", "unit_label": "KG", "promo": "25% de remise", "page": 5, "source_url": "https://www.franprix.fr/courses/promotions?page=5"},
{"name": "Yaourt emprésuré vanille", "brand": "Malo", "price": "2,99", "size": "4X125G", "unit_price": "5,98 €", "unit_label": "KG", "promo": "45% de remise sur le 2ème", "page": 5, "source_url": "https://www.franprix.fr/courses/promotions?page=5"},
{"name": "Lait sans lactose Bio", "brand": "Matin leger", "price": "2,28", "size": "1l", "unit_price": "2,28 €", "unit_label": "L", "promo": "25% de remise", "page": 5, "source_url": "https://www.franprix.fr/courses/promotions?page=5"},
{"name": "Ciboulette", "brand": "Ducros", "price": "2,23", "size": "4g", "unit_price": "557,50 €", "unit_label": "KG", "promo": "45% de remise sur le 2ème", "page": 5, "source_url": "https://www.franprix.fr/courses/promotions?page=5"},
{"name": "Rhum blanc agricole", "brand": "Saint james", "price": "14,24", "size": "70cl", "unit_price": "20,34 €", "unit_label": "L", "promo": "5% de remise", "page": 5, "source_url": "https://www.franprix.fr/courses/promotions?page=5"},
{"name": "Nectar multifruits Bio", "brand": "Pressade", "price": "3,10", "size": "1,5l", "unit_price": "2,07 €", "unit_label": "L", "promo": "45% de remise sur le 2ème", "page": 5, "source_url": "https://www.franprix.fr/courses/promotions?page=5"},
{"name": "Nectar pomme Bio", "brand": "Pressade", "price": "3,00", "size": "1,5l", "unit_price": "2,00 €", "unit_label": "L", "promo": "45% de remise sur le 2ème", "page": 5, "source_url": "https://www.franprix.fr/courses/promotions?page=5"},
{"name": "Safran en poudre", "brand": "Ducros", "price": "6,30", "size": "0,4g", "unit_price": "1575,00 €", "unit_label": "KG", "promo": "45% de remise sur le 2ème", "page": 5, "source_url": "https://www.franprix.fr/courses/promotions?page=5"},
{"name": "Céréales granola au chocolat lait Extra", "brand": "Kellogg's", "price": "5,25", "size": "500g", "unit_price": "10,50 €", "unit_label": "KG", "promo": "45% de remise sur le 2ème", "page": 5, "source_url": "https://www.franprix.fr/courses/promotions?page=5"},
{"name": "M&M's peanut", "brand": "M&m's", "price": "6,05", "size": "500g", "unit_price": "12,10 €", "unit_label": "KG", "promo": "35% de remise sur le 2ème", "page": 5, "source_url": "https://www.franprix.fr/courses/promotions?page=5"},
{"name": "Mélange de noix non salé", "brand": "Bénénuts", "price": "6,04", "size": "140g", "unit_price": "43,14 €", "unit_label": "KG", "promo": "45% de remise sur le 2ème", "page": 5, "source_url": "https://www.franprix.fr/courses/promotions?page=5"},
{"name": "Herbes de provence", "brand": "Ducros", "price": "1,55", "size": "18g", "unit_price": "86,11 €", "unit_label": "KG", "promo": "45% de remise sur le 2ème", "page": 5, "source_url": "https://www.franprix.fr/courses/promotions?page=5"},
{"name": "Cabernet Sauvignon, vin rouge", "brand": "Roche Mazet", "price": "3,51", "size": "75cl", "unit_price": "4,68 €", "unit_label": "L", "promo": "20% de remise", "page": 5, "source_url": "https://www.franprix.fr/courses/promotions?page=5"},
{"name": "Batonnet glace chunky caramel beurre salé", "brand": "Haagen-dazs", "price": "4,80", "size": "204g", "unit_price": "23,53 €", "unit_label": "KG", "promo": "20% de remise", "page": 5, "source_url": "https://www.franprix.fr/courses/promotions?page=5"},
{"name": "Yaourt vanille protéiné 0% mg", "brand": "Hipro", "price": "3,23", "size": "2x160g", "unit_price": "10,09 €", "unit_label": "KG", "promo": "45% de remise sur le 2ème", "page": 5, "source_url": "https://www.franprix.fr/courses/promotions?page=5"},
{"name": "Barre céréale super nuts", "brand": "Feed.", "price": "2,06", "size": "40g", "unit_price": "51,50 €", "unit_label": "KG", "promo": "25% de remise", "page": 5, "source_url": "https://www.franprix.fr/courses/promotions?page=5"},
{"name": "Cannelle moulue", "brand": "Ducros", "price": "2,26", "size": "39g", "unit_price": "57,95 €", "unit_label": "KG", "promo": "45% de remise sur le 2ème", "page": 5, "source_url": "https://www.franprix.fr/courses/promotions?page=5"},
{"name": "Yaourt brebis nature Bio", "brand": "Vrai", "price": "1,76", "size": "2x125g", "unit_price": "7,04 €", "unit_label": "KG", "promo": "20% de remise", "page": 5, "source_url": "https://www.franprix.fr/courses/promotions?page=5"},
{"name": "Mélange de poivres 5 baies", "brand": "Ducros", "price": "5,75", "size": "70g", "unit_price": "82,14 €", "unit_label": "KG", "promo": "45% de remise sur le 2ème", "page": 5, "source_url": "https://www.franprix.fr/courses/promotions?page=5"},
{"name": "Mélange de graines apéritives épices cajun", "brand": "Michel et augustin", "price": "4,22", "size": "95g", "unit_price": "44,42 €", "unit_label": "KG", "promo": "55% de remise sur le 2ème", "page": 5, "source_url": "https://www.franprix.fr/courses/promotions?page=5"},
{"name": "Barre protéinée de céréales au caramel", "brand": "Feed.", "price": "2,32", "size": "55g", "unit_price": "42,18 €", "unit_label": "KG", "promo": "25% de remise", "page": 5, "source_url": "https://www.franprix.fr/courses/promotions?page=5"},
{"name": "Barre céréale pomme", "brand": "Feed.", "price": "2,20", "size": "40g", "unit_price": "55,00 €", "unit_label": "KG", "promo": "25% de remise", "page": 5, "source_url": "https://www.franprix.fr/courses/promotions?page=5"},
{"name": "Champigny AOP, vin rouge", "brand": "Plessis duval", "price": "5,59", "size": "75cl", "unit_price": "7,45 €", "unit_label": "L", "promo": "20% de remise", "page": 5, "source_url": "https://www.franprix.fr/courses/promotions?page=5"},
{"name": "Sauce apéritif goût salsa douce", "brand": "Doritos", "price": "2,60", "size": "280g", "unit_price": "9,29 €", "unit_label": "KG", "promo": "20% de remise", "page": 5, "source_url": "https://www.franprix.fr/courses/promotions?page=5"},
{"name": "Lait Ribot", "brand": "Paysan breton", "price": "2,42", "size": "1l", "unit_price": "2,42 €", "unit_label": "L", "promo": "15% de remise", "page": 6, "source_url": "https://www.franprix.fr/courses/promotions?page=6"},
{"name": "Bière trappiste", "brand": "La trappe", "price": "2,32", "size": "33cl", "unit_price": "7,03 €", "unit_label": "L", "promo": "25% de remise", "page": 6, "source_url": "https://www.franprix.fr/courses/promotions?page=6"},
{"name": "Paté de porc", "brand": "Henaff", "price": "2,32", "size": "154g", "unit_price": "15,06 €", "unit_label": "KG", "promo": "20% de remise", "page": 6, "source_url": "https://www.franprix.fr/courses/promotions?page=6"},
{"name": "Barre protéinée de céréales au chocolat...", "brand": "Feed", "price": "1,98", "size": "40g", "unit_price": "49,50 €", "unit_label": "KG", "promo": "25% de remise", "page": 6, "source_url": "https://www.franprix.fr/courses/promotions?page=6"},
{"name": "Assouplissant hypoallergénique peaux...", "brand": "L'Arbre Vert", "price": "3,48", "size": "800ml", "unit_price": "4,35 €", "unit_label": "L", "promo": "25% de remise", "page": 6, "source_url": "https://www.franprix.fr/courses/promotions?page=6"},
{"name": "Prosecco, vin pétillant extra sec Bio", "brand": "Villa veroni", "price": "8,55", "size": "75cl", "unit_price": "11,40 €", "unit_label": "L", "promo": "20% de remise", "page": 6, "source_url": "https://www.franprix.fr/courses/promotions?page=6"},
{"name": "Champagne blanc de blancs cuvée spéciale", "brand": "Nicolas Feuillate", "price": "37,07", "size": "75cl", "unit_price": "49,43 €", "unit_label": "L", "promo": "10% de remise", "page": 6, "source_url": "https://www.franprix.fr/courses/promotions?page=6"},
{"name": "Sablés apéritifs Beaufort AOP et poivre...", "brand": "Michel et augustin", "price": "3,83", "size": "100g", "unit_price": "38,30 €", "unit_label": "KG", "promo": "55% de remise sur le 2ème", "page": 6, "source_url": "https://www.franprix.fr/courses/promotions?page=6"},
{"name": "Piment doux", "brand": "Ducros", "price": "3,20", "size": "40g", "unit_price": "80,00 €", "unit_label": "KG", "promo": "45% de remise sur le 2ème", "page": 6, "source_url": "https://www.franprix.fr/courses/promotions?page=6"},
{"name": "Barre énergétique à la cacahuète", "brand": "Feed", "price": "1,45", "size": "40g", "unit_price": "36,25 €", "unit_label": "KG", "promo": "25% de remise", "page": 6, "source_url": "https://www.franprix.fr/courses/promotions?page=6"},
{"name": "Bière Ipa aromatisée mangue 7°", "brand": "Wink", "price": "2,42", "size": "44cl", "unit_price": "5,50 €", "unit_label": "L", "promo": "25% de remise", "page": 6, "source_url": "https://www.franprix.fr/courses/promotions?page=6"},
{"name": "Coffret patisserie orientale", "brand": "Les Délices de Djamila", "price": "8,18", "size": "x16 460g", "unit_price": "17,78 €", "unit_label": "KG", "promo": "0.01€ de remise", "page": 6, "source_url": "https://www.franprix.fr/courses/promotions?page=6"},
{"name": "Grenache Syrah, vin rosé", "brand": "Sidi brahim", "price": "3,03", "size": "75cl", "unit_price": "4,04 €", "unit_label": "L", "promo": "25% de remise", "page": 6, "source_url": "https://www.franprix.fr/courses/promotions?page=6"},
{"name": "Yaourt aux fruits bifidus pruneau", "brand": "Activia", "price": "2,70", "size": "4x125g", "unit_price": "5,40 €", "unit_label": "KG", "promo": "45% de remise sur le 2ème", "page": 6, "source_url": "https://www.franprix.fr/courses/promotions?page=6"},
{"name": "Cacahuètes enrobées de chocolat", "brand": "M&M's", "price": "4,05", "size": "330g", "unit_price": "12,27 €", "unit_label": "KG", "promo": "35% de remise sur le 2ème", "page": 6, "source_url": "https://www.franprix.fr/courses/promotions?page=6"},
{"name": "Sablés apéritifs fromage de brebis tomate...", "brand": "Michel et augustin", "price": "3,83", "size": "100g", "unit_price": "38,30 €", "unit_label": "KG", "promo": "55% de remise sur le 2ème", "page": 6, "source_url": "https://www.franprix.fr/courses/promotions?page=6"},
{"name": "Cacahuètes enrobées de chocolat", "brand": "M&M's", "price": "2,85", "size": "125g", "unit_price": "22,80 €", "unit_label": "KG", "promo": "35% de remise sur le 2ème", "page": 6, "source_url": "https://www.franprix.fr/courses/promotions?page=6"},
{"name": "Jus orange carotte citron", "brand": "Pago", "price": "2,00", "size": "75cl", "unit_price": "2,67 €", "unit_label": "L", "promo": "20% de remise", "page": 6, "source_url": "https://www.franprix.fr/courses/promotions?page=6"},
{"name": "Sablés apéritifs Parmigiano Reggiano AOP...", "brand": "Michel et augustin", "price": "3,83", "size": "100g", "unit_price": "38,30 €", "unit_label": "KG", "promo": "55% de remise sur le 2ème", "page": 6, "source_url": "https://www.franprix.fr/courses/promotions?page=6"},
{"name": "Tablettes lave vaisselle platinium+ all...", "brand": "Fairy", "price": "12,60", "size": "x25", "unit_price": "32,47 €", "unit_label": "KG", "promo": "45% de remise sur le 2ème", "page": 6, "source_url": "https://www.franprix.fr/courses/promotions?page=6"},
{"name": "Bonbons caramel beurre salé enrobés de...", "brand": "M&M's", "price": "3,83", "size": "176g", "unit_price": "21,76 €", "unit_label": "KG", "promo": "35% de remise sur le 2ème", "page": 6, "source_url": "https://www.franprix.fr/courses/promotions?page=6"},
{"name": "CANETTE GREEN MEN SLK", "brand": "Lipton", "price": "4,38", "size": "X6", "unit_price": "2,21 €", "unit_label": "L", "promo": "25% de remise", "page": 6, "source_url": "https://www.franprix.fr/courses/promotions?page=6"},
{"name": "Soufflés de mais et cacahuète Bio", "brand": "Mandy'", "price": "2,46", "size": "100g", "unit_price": "24,60 €", "unit_label": "KG", "promo": "25% de remise", "page": 6, "source_url": "https://www.franprix.fr/courses/promotions?page=6"},
{"name": "Paprika doux", "brand": "Ducros", "price": "3,05", "size": "40g", "unit_price": "76,25 €", "unit_label": "KG", "promo": "45% de remise sur le 2ème", "page": 6, "source_url": "https://www.franprix.fr/courses/promotions?page=6"},
{"name": "Piment de cayenne extra fort", "brand": "Ducros", "price": "3,05", "size": "38g", "unit_price": "80,26 €", "unit_label": "KG", "promo": "45% de remise sur le 2ème", "page": 6, "source_url": "https://www.franprix.fr/courses/promotions?page=6"},
{"name": "Bonbons chocolat enrobés de chocolat au...", "brand": "M&M's", "price": "4,30", "size": "300g", "unit_price": "14,33 €", "unit_label": "KG", "promo": "35% de remise sur le 2ème", "page": 6, "source_url": "https://www.franprix.fr/courses/promotions?page=6"},
{"name": "Petits beurres apéritifs comté AOP et...", "brand": "Michel et augustin", "price": "3,83", "size": "100g", "unit_price": "38,30 €", "unit_label": "KG", "promo": "55% de remise sur le 2ème", "page": 6, "source_url": "https://www.franprix.fr/courses/promotions?page=6"},
{"name": "Persil", "brand": "Ducros", "price": "2,30", "size": "5g", "unit_price": "460,00 €", "unit_label": "KG", "promo": "45% de remise sur le 2ème", "page": 6, "source_url": "https://www.franprix.fr/courses/promotions?page=6"},
{"name": "Yaourt myrtille protéiné 0% mg", "brand": "Hipro", "price": "3,30", "size": "2x160g", "unit_price": "10,31 €", "unit_label": "KG", "promo": "45% de remise sur le 2ème", "page": 6, "source_url": "https://www.franprix.fr/courses/promotions?page=6"},
{"name": "Yaourt muesli amande quinoa graine de...", "brand": "Activia", "price": "2,80", "size": "170g", "unit_price": "16,47 €", "unit_label": "KG", "promo": "45% de remise sur le 2ème", "page": 6, "source_url": "https://www.franprix.fr/courses/promotions?page=6"},
{"name": "Persillade", "brand": "Ducros", "price": "4,85", "size": "19g", "unit_price": "255,26 €", "unit_label": "KG", "promo": "45% de remise sur le 2ème", "page": 6, "source_url": "https://www.franprix.fr/courses/promotions?page=6"},
{"name": "Rhum ambré", "brand": "Saint james", "price": "18,43", "size": "70cl", "unit_price": "26,33 €", "unit_label": "L", "promo": "5% de remise", "page": 6, "source_url": "https://www.franprix.fr/courses/promotions?page=6"},
{"name": "Skyr mangue passion 2% mg", "brand": "Siggi's", "price": "3,10", "size": "2x140g", "unit_price": "11,07 €", "unit_label": "KG", "promo": "45% de remise sur le 2ème", "page": 6, "source_url": "https://www.franprix.fr/courses/promotions?page=6"},
{"name": "Gâteau marbré chocolat", "brand": "Bonne Maman", "price": "4,91", "size": "475g", "unit_price": "10,34 €", "unit_label": "KG", "promo": "20% de remise", "page": 6, "source_url": "https://www.franprix.fr/courses/promotions?page=6"},
{"name": "Bière ambrée 6°5", "brand": "Parisis", "price": "2,21", "size": "33cl", "unit_price": "6,70 €", "unit_label": "L", "promo": "25% de remise", "page": 6, "source_url": "https://www.franprix.fr/courses/promotions?page=6"},
{"name": "Bière triple 8°", "brand": "Parisis", "price": "2,28", "size": "33cl", "unit_price": "6,91 €", "unit_label": "L", "promo": "25% de remise", "page": 6, "source_url": "https://www.franprix.fr/courses/promotions?page=6"},
{"name": "Barre repas banane chocolat", "brand": "Feed", "price": "3,78", "size": "100g", "unit_price": "37,80 €", "unit_label": "KG", "promo": "25% de remise", "page": 6, "source_url": "https://www.franprix.fr/courses/promotions?page=6"},
{"name": "Bonbons au chocolat au lait et riz soufflé", "brand": "M&m's", "price": "1,55", "size": "36g", "unit_price": "43,05 €", "unit_label": "KG", "promo": "35% de remise sur le 2ème", "page": 6, "source_url": "https://www.franprix.fr/courses/promotions?page=6"},
{"name": "Boisson végétale protéinée caramel café", "brand": "Alpro", "price": "2,68", "size": "250 ml", "unit_price": "10,72 €", "unit_label": "L", "promo": "45% de remise sur le 2ème", "page": 6, "source_url": "https://www.franprix.fr/courses/promotions?page=6"},
{"name": "Cake chocolat", "brand": "Brossard", "price": "3,85", "size": "310g", "unit_price": "12,42 €", "unit_label": "KG", "promo": "45% de remise sur le 2ème", "page": 6, "source_url": "https://www.franprix.fr/courses/promotions?page=6"},
{"name": "Cookies tout chocolat cœur fondant", "brand": "Michel et Augustin", "price": "5,25", "size": "180g", "unit_price": "29,17 €", "unit_label": "KG", "promo": "55% de remise sur le 2ème", "page": 6, "source_url": "https://www.franprix.fr/courses/promotions?page=6"},
{"name": "Financiers amandes", "brand": "Bonne Maman", "price": "4,79", "size": "250g", "unit_price": "19,16 €", "unit_label": "KG", "promo": "20% de remise", "page": 6, "source_url": "https://www.franprix.fr/courses/promotions?page=6"},
{"name": "Assortiment de glaces aux fruits", "brand": "Häagen-Dazs", "price": "6,84", "size": "236g", "unit_price": "20,98 €", "unit_label": "KG", "promo": "20% de remise", "page": 6, "source_url": "https://www.franprix.fr/courses/promotions?page=6"},
{"name": "Yaourt céréales muesli bifidus", "brand": "Activia", "price": "2,95", "size": "4x120g", "unit_price": "6,14 €", "unit_label": "KG", "promo": "45% de remise sur le 2ème", "page": 6, "source_url": "https://www.franprix.fr/courses/promotions?page=6"},
{"name": "Mélange d'épices pour fajitas", "brand": "Cholula", "price": "1,20", "size": "20g", "unit_price": "60,00 €", "unit_label": "KG", "promo": "25% de remise", "page": 6, "source_url": "https://www.franprix.fr/courses/promotions?page=6"},
{"name": "Tuc original", "brand": "Tuc", "price": "2,39", "size": "300g", "unit_price": "7,97 €", "unit_label": "KG", "promo": "20% de remise", "page": 6, "source_url": "https://www.franprix.fr/courses/promotions?page=6"},
{"name": "Sablés apéritifs Cantal AOP et noix de...", "brand": "Michel et augustin", "price": "3,83", "size": "100g", "unit_price": "38,30 €", "unit_label": "KG", "promo": "55% de remise sur le 2ème", "page": 6, "source_url": "https://www.franprix.fr/courses/promotions?page=6"},
{"name": "Soda au gingembre", "brand": "Schweppes", "price": "2,55", "size": "1l", "unit_price": "2,55 €", "unit_label": "L", "promo": "45% de remise sur le 2ème", "page": 6, "source_url": "https://www.franprix.fr/courses/promotions?page=6"},
{"name": "Yaourt bifidus muesli chocolat", "brand": "Activia", "price": "3,57", "size": "170g", "unit_price": "21,00 €", "unit_label": "KG", "promo": "45% de remise sur le 2ème", "page": 6, "source_url": "https://www.franprix.fr/courses/promotions?page=6"},
{"name": "Poivre doux 5 baies", "brand": "Ducros", "price": "3,25", "size": "26g", "unit_price": "125,00 €", "unit_label": "KG", "promo": "45% de remise sur le 2ème", "page": 6, "source_url": "https://www.franprix.fr/courses/promotions?page=6"},
{"name": "Cookies chocolat noisette cœur fondant", "brand": "Michel et Augustin", "price": "5,14", "size": "180g", "unit_price": "28,55 €", "unit_label": "KG", "promo": "55% de remise sur le 2ème", "page": 6, "source_url": "https://www.franprix.fr/courses/promotions?page=6"},
{"name": "Yaourt à la coco protéiné", "brand": "Danone", "price": "3,27", "size": "2x160g", "unit_price": "10,22 €", "unit_label": "KG", "promo": "45% de remise sur le 2ème", "page": 6, "source_url": "https://www.franprix.fr/courses/promotions?page=6"},
{"name": "Vache à boire mangue passion", "brand": "Michel et augustin", "price": "3,06", "size": "500ml", "unit_price": "5,76 €", "unit_label": "L", "promo": "15% de remise", "page": 6, "source_url": "https://www.franprix.fr/courses/promotions?page=6"},
{"name": "Bière blanche allemande", "brand": "Paulaner", "price": "2,60", "size": "50cl", "unit_price": "5,20 €", "unit_label": "L", "promo": "100% de remise sur le 3ème", "page": 6, "source_url": "https://www.franprix.fr/courses/promotions?page=6"},
{"name": "Bière ambrée bouteille", "brand": "Jeanlain", "price": "3,03", "size": "75cl", "unit_price": "4,04 €", "unit_label": "L", "promo": "25% de remise", "page": 6, "source_url": "https://www.franprix.fr/courses/promotions?page=6"},
{"name": "Déodorant spray compressé femme pierre...", "brand": "Monsavon", "price": "2,67", "size": "100ml", "unit_price": "26,70 €", "unit_label": "L", "promo": "25% de remise", "page": 6, "source_url": "https://www.franprix.fr/courses/promotions?page=6"},
{"name": "Petits muffins chocolat", "brand": "Bonne Maman", "price": "3,24", "size": "235g", "unit_price": "13,79 €", "unit_label": "KG", "promo": "20% de remise", "page": 6, "source_url": "https://www.franprix.fr/courses/promotions?page=6"},
{"name": "Bière ipa 5°", "brand": "Fada", "price": "2,06", "size": "33cl", "unit_price": "6,24 €", "unit_label": "L", "promo": "25% de remise", "page": 6, "source_url": "https://www.franprix.fr/courses/promotions?page=6"},
{"name": "Bière fruits rouges 5°", "brand": "La Goudale", "price": "4,81", "size": "6x25cl", "unit_price": "3,21 €", "unit_label": "L", "promo": "20% de remise", "page": 6, "source_url": "https://www.franprix.fr/courses/promotions?page=6"},
{"name": "Bière punk IPA", "brand": "Brewdog", "price": "3,05", "size": "33cl", "unit_price": "9,24 €", "unit_label": "L", "promo": "100% de remise sur le 3ème", "page": 6, "source_url": "https://www.franprix.fr/courses/promotions?page=6"},
{"name": "Mélange d'épices pour burritos", "brand": "Cholula", "price": "1,27", "size": "20g", "unit_price": "63,50 €", "unit_label": "KG", "promo": "25% de remise", "page": 7, "source_url": "https://www.franprix.fr/courses/promotions?page=7"},
{"name": "Compote à base de fuits jaune", "brand": "Andros", "price": "2,41", "size": "400g", "unit_price": "6,03 €", "unit_label": "KG", "promo": "55% de remise sur le 2ème", "page": 7, "source_url": "https://www.franprix.fr/courses/promotions?page=7"},
{"name": "Yaourt coco bifidus", "brand": "Activia", "price": "2,36", "size": "4x125g", "unit_price": "4,72 €", "unit_label": "KG", "promo": "45% de remise sur le 2ème", "page": 7, "source_url": "https://www.franprix.fr/courses/promotions?page=7"},
{"name": "Crème glacée chocolat", "brand": "Ben & jerry's", "price": "5,68", "size": "408g", "unit_price": "13,92 €", "unit_label": "KG", "promo": "20% de remise", "page": 7, "source_url": "https://www.franprix.fr/courses/promotions?page=7"},
{"name": "Vin effervescent espagnol 11,5°", "brand": "Freixenet", "price": "7,15", "size": "75cl", "unit_price": "9,53 €", "unit_label": "L", "promo": "10% de remise", "page": 7, "source_url": "https://www.franprix.fr/courses/promotions?page=7"},
{"name": "Glace vanille noix de pécans", "brand": "Ben & jerry's", "price": "6,08", "size": "465ml", "unit_price": "14,69 €", "unit_label": "KG", "promo": "20% de remise", "page": 7, "source_url": "https://www.franprix.fr/courses/promotions?page=7"},
{"name": "Crème glacée beurre de cacahuètes", "brand": "Ben & jerry's", "price": "6,12", "size": "425g", "unit_price": "14,40 €", "unit_label": "KG", "promo": "20% de remise", "page": 7, "source_url": "https://www.franprix.fr/courses/promotions?page=7"},
{"name": "Café capsules compatibles Nespresso de...", "brand": "Starbucks", "price": "5,05", "size": "x10", "unit_price": "88,60 €", "unit_label": "KG", "promo": "55% de remise sur le 2ème", "page": 7, "source_url": "https://www.franprix.fr/courses/promotions?page=7"},
{"name": "Bonbons au chocolat au lait", "brand": "M&m's", "price": "1,10", "size": "45g", "unit_price": "24,44 €", "unit_label": "KG", "promo": "35% de remise sur le 2ème", "page": 7, "source_url": "https://www.franprix.fr/courses/promotions?page=7"},
{"name": "Bière lager", "brand": "Hubster", "price": "2,89", "size": "33cl", "unit_price": "8,76 €", "unit_label": "L", "promo": "45% de remise sur le 2ème", "page": 7, "source_url": "https://www.franprix.fr/courses/promotions?page=7"},
{"name": "Vache à boire myrtille", "brand": "Michel et augustin", "price": "3,07", "size": "500ml", "unit_price": "5,78 €", "unit_label": "L", "promo": "15% de remise", "page": 7, "source_url": "https://www.franprix.fr/courses/promotions?page=7"},
{"name": "Jus d'orange sans pulpe", "brand": "Innocent", "price": "3,75", "size": "90cl", "unit_price": "4,17 €", "unit_label": "L", "promo": "55% de remise sur le 2ème", "page": 7, "source_url": "https://www.franprix.fr/courses/promotions?page=7"},
{"name": "Noix de cajou non salées", "brand": "Bénénuts", "price": "5,41", "size": "130g", "unit_price": "41,62 €", "unit_label": "KG", "promo": "45% de remise sur le 2ème", "page": 7, "source_url": "https://www.franprix.fr/courses/promotions?page=7"},
{"name": "Glace macadamia beurre de cacahuète", "brand": "Häagen-Dazs", "price": "6,34", "size": "400g", "unit_price": "15,85 €", "unit_label": "KG", "promo": "20% de remise", "page": 7, "source_url": "https://www.franprix.fr/courses/promotions?page=7"},
{"name": "Yaourt aux fruits bifidus mangue", "brand": "Activia", "price": "2,85", "size": "4x125g", "unit_price": "5,70 €", "unit_label": "KG", "promo": "45% de remise sur le 2ème", "page": 7, "source_url": "https://www.franprix.fr/courses/promotions?page=7"},
{"name": "Petits cornichons aigres-doux", "brand": "Kuhne", "price": "2,43", "size": "185g", "unit_price": "13,14 €", "unit_label": "KG", "promo": "25% de remise", "page": 7, "source_url": "https://www.franprix.fr/courses/promotions?page=7"},
{"name": "Yaourt aux fruits bifidus fraise", "brand": "Activia", "price": "2,52", "size": "4x125g", "unit_price": "5,04 €", "unit_label": "KG", "promo": "45% de remise sur le 2ème", "page": 7, "source_url": "https://www.franprix.fr/courses/promotions?page=7"},
{"name": "Mouton Cadet Bordeaux, vin rosé", "brand": "Mouton cadet", "price": "7,08", "size": "75cl", "unit_price": "9,44 €", "unit_label": "L", "promo": "25% de remise", "page": 7, "source_url": "https://www.franprix.fr/courses/promotions?page=7"},
{"name": "Crème fleurette légère 12% MG", "brand": "Elle & Vire", "price": "3,02", "size": "33cl", "unit_price": "9,15 €", "unit_label": "L", "promo": "45% de remise sur le 2ème", "page": 7, "source_url": "https://www.franprix.fr/courses/promotions?page=7"},
{"name": "Cabernet Sauvignon IGP, vin rouge", "brand": "Roche Mazet", "price": "12,00", "size": "3L", "unit_price": "4,00 €", "unit_label": "L", "promo": "20% de remise", "page": 7, "source_url": "https://www.franprix.fr/courses/promotions?page=7"},
{"name": "Yaourt à boire fraise", "brand": "Actimel", "price": "4,25", "size": "6x100g", "unit_price": "7,08 €", "unit_label": "KG", "promo": "45% de remise sur le 2ème", "page": 7, "source_url": "https://www.franprix.fr/courses/promotions?page=7"},
{"name": "Biscuits apéritifs Twinuts bacon", "brand": "Bénénuts", "price": "1,95", "size": "150g", "unit_price": "13,00 €", "unit_label": "KG", "promo": "45% de remise sur le 2ème", "page": 7, "source_url": "https://www.franprix.fr/courses/promotions?page=7"},
{"name": "Lait amande calcium", "brand": "Bjorg", "price": "2,60", "size": "50cl", "unit_price": "5,10 €", "unit_label": "L", "promo": "55% de remise sur le 2ème", "page": 7, "source_url": "https://www.franprix.fr/courses/promotions?page=7"},
{"name": "Cumin moulu", "brand": "Ducros", "price": "3,55", "size": "32g", "unit_price": "88,75 €", "unit_label": "KG", "promo": "45% de remise sur le 2ème", "page": 7, "source_url": "https://www.franprix.fr/courses/promotions?page=7"},
{"name": "Glace vanille noix de pécan", "brand": "Häagen-Dazs", "price": "6,32", "size": "400g", "unit_price": "15,80 €", "unit_label": "KG", "promo": "20% de remise", "page": 7, "source_url": "https://www.franprix.fr/courses/promotions?page=7"},
{"name": "Languedoc AOP, vin rosé", "brand": "Cote des roses", "price": "5,85", "size": "37,5cl", "unit_price": "15,60 €", "unit_label": "L", "promo": "15% de remise", "page": 7, "source_url": "https://www.franprix.fr/courses/promotions?page=7"},
{"name": "Poivre noir grains n°6", "brand": "Ducros", "price": "5,20", "size": "90g", "unit_price": "57,78 €", "unit_label": "KG", "promo": "45% de remise sur le 2ème", "page": 7, "source_url": "https://www.franprix.fr/courses/promotions?page=7"},
{"name": "Crème dessert emprésurée au chocolat", "brand": "Malo", "price": "2,94", "size": "4x125g", "unit_price": "5,88 €", "unit_label": "KG", "promo": "45% de remise sur le 2ème", "page": 7, "source_url": "https://www.franprix.fr/courses/promotions?page=7"},
{"name": "Crème glacée vanille noix de pécan caramel", "brand": "Häagen-Dazs", "price": "6,46", "size": "400g", "unit_price": "16,15 €", "unit_label": "KG", "promo": "20% de remise", "page": 7, "source_url": "https://www.franprix.fr/courses/promotions?page=7"},
{"name": "Bonbons mini mints menthe", "brand": "Hollywood", "price": "0,96", "size": "12,5g", "unit_price": "80,00 €", "unit_label": "KG", "promo": "20% de remise", "page": 7, "source_url": "https://www.franprix.fr/courses/promotions?page=7"},
{"name": "Pâtisserie chocolat lait entier", "brand": "St Michel", "price": "2,60", "size": "275g", "unit_price": "9,45 €", "unit_label": "KG", "promo": "20% de remise", "page": 7, "source_url": "https://www.franprix.fr/courses/promotions?page=7"},
{"name": "Crème fraiche légère épaisse 12% MG", "brand": "Elle & vire", "price": "2,70", "size": "33cl", "unit_price": "8,18 €", "unit_label": "L", "promo": "45% de remise sur le 2ème", "page": 7, "source_url": "https://www.franprix.fr/courses/promotions?page=7"},
{"name": "Crème glacée", "brand": "Häagen-Dazs", "price": "5,12", "size": "394g", "unit_price": "12,99 €", "unit_label": "KG", "promo": "20% de remise", "page": 7, "source_url": "https://www.franprix.fr/courses/promotions?page=7"},
{"name": "Compote pomme abricot", "brand": "Andros", "price": "2,36", "size": "4x100g", "unit_price": "5,90 €", "unit_label": "KG", "promo": "55% de remise sur le 2ème", "page": 7, "source_url": "https://www.franprix.fr/courses/promotions?page=7"},
{"name": "Compote pomme framboise", "brand": "Andros", "price": "2,75", "size": "4x100g", "unit_price": "6,88 €", "unit_label": "KG", "promo": "55% de remise sur le 2ème", "page": 7, "source_url": "https://www.franprix.fr/courses/promotions?page=7"},
{"name": "Rosette", "brand": "Cochonou", "price": "3,05", "size": "93g", "unit_price": "32,80 €", "unit_label": "KG", "promo": "45% de remise sur le 2ème", "page": 7, "source_url": "https://www.franprix.fr/courses/promotions?page=7"},
{"name": "Muscade moulu", "brand": "Ducros", "price": "4,25", "size": "32g", "unit_price": "101,19 €", "unit_label": "KG", "promo": "45% de remise sur le 2ème", "page": 7, "source_url": "https://www.franprix.fr/courses/promotions?page=7"},
{"name": "Côte des Roses Languedoc AOP, vin rosé", "brand": "Cote des roses", "price": "8,47", "size": "75cl", "unit_price": "11,29 €", "unit_label": "L", "promo": "15% de remise", "page": 7, "source_url": "https://www.franprix.fr/courses/promotions?page=7"},
{"name": "Eau minérale naturelle des Vosges", "brand": "Vittel", "price": "4,25", "size": "6x1,5l", "unit_price": "0,47 €", "unit_label": "L", "promo": "45% de remise sur le 2ème", "page": 7, "source_url": "https://www.franprix.fr/courses/promotions?page=7"},
{"name": "Cacahuètes grillées à sec", "brand": "Bénénuts", "price": "3,15", "size": "100g", "unit_price": "31,50 €", "unit_label": "KG", "promo": "45% de remise sur le 2ème", "page": 7, "source_url": "https://www.franprix.fr/courses/promotions?page=7"},
{"name": "Boisson végétale au lait d'amande intense...", "brand": "Bjorg", "price": "3,73", "size": "1l", "unit_price": "3,73 €", "unit_label": "L", "promo": "55% de remise sur le 2ème", "page": 7, "source_url": "https://www.franprix.fr/courses/promotions?page=7"},
{"name": "Vache à boire vanille", "brand": "Michel et augustin", "price": "3,06", "size": "500ml", "unit_price": "6,12 €", "unit_label": "L", "promo": "15% de remise", "page": 7, "source_url": "https://www.franprix.fr/courses/promotions?page=7"},
{"name": "Vache à boire framboise", "brand": "Michel et augustin", "price": "3,17", "size": "500ml", "unit_price": "5,97 €", "unit_label": "L", "promo": "15% de remise", "page": 7, "source_url": "https://www.franprix.fr/courses/promotions?page=7"},
{"name": "Compote pomme fraise", "brand": "Andros", "price": "2,36", "size": "4x100g", "unit_price": "5,90 €", "unit_label": "KG", "promo": "55% de remise sur le 2ème", "page": 7, "source_url": "https://www.franprix.fr/courses/promotions?page=7"},
{"name": "Mouton Cadet Bordeaux, vin rouge", "brand": "Mouton cadet", "price": "8,66", "size": "75cl", "unit_price": "11,55 €", "unit_label": "L", "promo": "25% de remise", "page": 7, "source_url": "https://www.franprix.fr/courses/promotions?page=7"},
{"name": "Boisson végétale à base de riz Bio", "brand": "Bjorg", "price": "3,15", "size": "1l", "unit_price": "3,15 €", "unit_label": "L", "promo": "55% de remise sur le 2ème", "page": 7, "source_url": "https://www.franprix.fr/courses/promotions?page=7"},
{"name": "Poivre noir moulu", "brand": "Ducros", "price": "3,25", "size": "38g", "unit_price": "85,53 €", "unit_label": "KG", "promo": "45% de remise sur le 2ème", "page": 7, "source_url": "https://www.franprix.fr/courses/promotions?page=7"},
{"name": "Poivre noir moulin", "brand": "Ducros", "price": "4,05", "size": "35g", "unit_price": "115,71 €", "unit_label": "KG", "promo": "45% de remise sur le 2ème", "page": 7, "source_url": "https://www.franprix.fr/courses/promotions?page=7"},
{"name": "Café chicorée soluble recharge", "brand": "Ricoré", "price": "4,50", "size": "180g", "unit_price": "25,00 €", "unit_label": "KG", "promo": "55% de remise sur le 2ème", "page": 7, "source_url": "https://www.franprix.fr/courses/promotions?page=7"},
{"name": "Eau minérale naturelle finement pétillante", "brand": "Badoit", "price": "4,45", "size": "6x50cl", "unit_price": "1,48 €", "unit_label": "L", "promo": "45% de remise sur le 2ème", "page": 7, "source_url": "https://www.franprix.fr/courses/promotions?page=7"},
{"name": "Biscuits apéritif salé", "brand": "Monster Munch", "price": "1,35", "size": "40g", "unit_price": "33,75 €", "unit_label": "KG", "promo": "45% de remise sur le 2ème", "page": 7, "source_url": "https://www.franprix.fr/courses/promotions?page=7"},
{"name": "Café grains de Honduras Bio", "brand": "Carte Noire", "price": "16,75", "size": "500g", "unit_price": "33,50 €", "unit_label": "KG", "promo": null, "page": 7, "source_url": "https://www.franprix.fr/courses/promotions?page=7"},
{"name": "Blanc de poulet rôti à la broche en...", "brand": "Fleury michon", "price": "2,85", "size": "4x30g", "unit_price": "23,75 €", "unit_label": "KG", "promo": "45% de remise sur le 2ème", "page": 7, "source_url": "https://www.franprix.fr/courses/promotions?page=7"},
{"name": "Anneaux de calamar panés", "brand": "Costa", "price": "5,27", "size": "400g", "unit_price": "13,18 €", "unit_label": "KG", "promo": "25% de remise", "page": 7, "source_url": "https://www.franprix.fr/courses/promotions?page=7"},
{"name": "Emmental râpé fondant", "brand": "Président", "price": "4,88", "size": "500g", "unit_price": "9,76 €", "unit_label": "KG", "promo": "25% de remise", "page": 7, "source_url": "https://www.franprix.fr/courses/promotions?page=7"},
{"name": "Compote pomme chataigne", "brand": "Andros", "price": "2,47", "size": "4x100g", "unit_price": "6,17 €", "unit_label": "KG", "promo": "55% de remise sur le 2ème", "page": 7, "source_url": "https://www.franprix.fr/courses/promotions?page=7"},
{"name": "Lambrusco, vin pétillant italien rouge", "brand": "VILLA VERONI", "price": "3,60", "size": "75cl", "unit_price": "4,80 €", "unit_label": "L", "promo": "20% de remise", "page": 7, "source_url": "https://www.franprix.fr/courses/promotions?page=7"},
{"name": "Boisson végétale soja douceur calcium Bio", "brand": "Bjorg", "price": "2,47", "size": "1l", "unit_price": "2,47 €", "unit_label": "L", "promo": "55% de remise sur le 2ème", "page": 7, "source_url": "https://www.franprix.fr/courses/promotions?page=7"},
{"name": "Lait sans lactose Bio", "brand": "Matin leger", "price": "13,82", "size": "6x1l", "unit_price": "2,30 €", "unit_label": "L", "promo": "25% de remise", "page": 7, "source_url": "https://www.franprix.fr/courses/promotions?page=7"},
{"name": "Bière blonde", "brand": "Grimbergen", "price": "9,51", "size": "12x25cl", "unit_price": "3,17 €", "unit_label": "L", "promo": "20% de remise", "page": 7, "source_url": "https://www.franprix.fr/courses/promotions?page=7"},
{"name": "Ail semoule", "brand": "Ducros", "price": "3,75", "size": "140g", "unit_price": "26,79 €", "unit_label": "KG", "promo": "45% de remise sur le 2ème", "page": 8, "source_url": "https://www.franprix.fr/courses/promotions?page=8"},
{"name": "Coriandre feuilles", "brand": "Ducros", "price": "2,52", "size": "7g", "unit_price": "360,00 €", "unit_label": "KG", "promo": "45% de remise sur le 2ème", "page": 8, "source_url": "https://www.franprix.fr/courses/promotions?page=8"},
{"name": "Boisson végétale lait d'amande chocolat...", "brand": "Bjorg", "price": "3,75", "size": "1l", "unit_price": "3,75 €", "unit_label": "L", "promo": "55% de remise sur le 2ème", "page": 8, "source_url": "https://www.franprix.fr/courses/promotions?page=8"},
{"name": "Compote pomme banane", "brand": "Andros", "price": "2,31", "size": "4x100g", "unit_price": "5,78 €", "unit_label": "KG", "promo": "55% de remise sur le 2ème", "page": 8, "source_url": "https://www.franprix.fr/courses/promotions?page=8"},
{"name": "Eau minérale naturelle gazeuse", "brand": "Perrier", "price": "3,49", "size": "6x33cl", "unit_price": "1,76 €", "unit_label": "L", "promo": "45% de remise sur le 2ème", "page": 8, "source_url": "https://www.franprix.fr/courses/promotions?page=8"},
{"name": "Glace gourmande vanille", "brand": "Häagen-Dazs", "price": "6,04", "size": "400g", "unit_price": "15,10 €", "unit_label": "KG", "promo": "20% de remise", "page": 8, "source_url": "https://www.franprix.fr/courses/promotions?page=8"},
{"name": "Boisson végétale lait de coco Bio", "brand": "Bjorg", "price": "3,94", "size": "1l", "unit_price": "3,94 €", "unit_label": "L", "promo": "55% de remise sur le 2ème", "page": 8, "source_url": "https://www.franprix.fr/courses/promotions?page=8"},
{"name": "Eau minérale naturelle gazeuse", "brand": "Perrier", "price": "5,35", "size": "8x20cl", "unit_price": "3,34 €", "unit_label": "L", "promo": "45% de remise sur le 2ème", "page": 8, "source_url": "https://www.franprix.fr/courses/promotions?page=8"},
{"name": "Eau minérale naturelle gazeuse", "brand": "Perrier", "price": "5,67", "size": "6x50cl", "unit_price": "1,89 €", "unit_label": "L", "promo": "45% de remise sur le 2ème", "page": 8, "source_url": "https://www.franprix.fr/courses/promotions?page=8"},
{"name": "Boisson végétale noisette", "brand": "Alpro", "price": "3,23", "size": "1l", "unit_price": "3,23 €", "unit_label": "L", "promo": "45% de remise sur le 2ème", "page": 8, "source_url": "https://www.franprix.fr/courses/promotions?page=8"},
{"name": "Boisson végétale soja chocolat Bio", "brand": "Bjorg", "price": "3,90", "size": "1l", "unit_price": "3,90 €", "unit_label": "L", "promo": "55% de remise sur le 2ème", "page": 8, "source_url": "https://www.franprix.fr/courses/promotions?page=8"},
{"name": "Boisson végétale épeautre noisette Bio", "brand": "Bjorg", "price": "3,95", "size": "1l", "unit_price": "3,95 €", "unit_label": "L", "promo": "55% de remise sur le 2ème", "page": 8, "source_url": "https://www.franprix.fr/courses/promotions?page=8"},
{"name": "Thym", "brand": "Ducros", "price": "2,45", "size": "14g", "unit_price": "175,00 €", "unit_label": "KG", "promo": "45% de remise sur le 2ème", "page": 8, "source_url": "https://www.franprix.fr/courses/promotions?page=8"},
{"name": "Boisson végétale noisette bio", "brand": "Bjorg", "price": "3,95", "size": "1l", "unit_price": "3,95 €", "unit_label": "L", "promo": "55% de remise sur le 2ème", "page": 8, "source_url": "https://www.franprix.fr/courses/promotions?page=8"},
{"name": "Haché au bœuf Happy Family", "brand": "CHARAL", "price": "7,23", "size": "500G", "unit_price": "14,46 €", "unit_label": "KG", "promo": "0.01€ de remise", "page": 8, "source_url": "https://www.franprix.fr/courses/promotions?page=8"},
{"name": "Boisson végétale soja nature sans sucres...", "brand": "Bjorg", "price": "2,52", "size": "1l", "unit_price": "2,52 €", "unit_label": "L", "promo": "55% de remise sur le 2ème", "page": 8, "source_url": "https://www.franprix.fr/courses/promotions?page=8"},
{"name": "Eau minérale naturelle gazeuse fines...", "brand": "Perrier", "price": "4,83", "size": "6x50cl", "unit_price": "1,61 €", "unit_label": "L", "promo": "45% de remise sur le 2ème", "page": 8, "source_url": "https://www.franprix.fr/courses/promotions?page=8"},
{"name": "Boisson végétale épeautre Bio", "brand": "Bjorg", "price": "3,52", "size": "1l", "unit_price": "3,52 €", "unit_label": "L", "promo": "55% de remise sur le 2ème", "page": 8, "source_url": "https://www.franprix.fr/courses/promotions?page=8"},
{"name": "Eau minérale naturelle gazeuse fines...", "brand": "Perrier", "price": "5,72", "size": "6x1l", "unit_price": "0,95 €", "unit_label": "L", "promo": "45% de remise sur le 2ème", "page": 8, "source_url": "https://www.franprix.fr/courses/promotions?page=8"},
{"name": "Boisson végétale soja", "brand": "Alpro", "price": "2,30", "size": "1l", "unit_price": "2,30 €", "unit_label": "L", "promo": "45% de remise sur le 2ème", "page": 8, "source_url": "https://www.franprix.fr/courses/promotions?page=8"},
{"name": "Boisson végétale soja vanille Bio", "brand": "Bjorg", "price": "3,95", "size": "1l", "unit_price": "3,95 €", "unit_label": "L", "promo": "55% de remise sur le 2ème", "page": 8, "source_url": "https://www.franprix.fr/courses/promotions?page=8"},
{"name": "Boisson à base de fruit juicy aromatisé...", "brand": "Tropicana", "price": "2,85", "size": "1,5l", "unit_price": "1,90 €", "unit_label": "L", "promo": "55% de remise sur le 2ème", "page": 8, "source_url": "https://www.franprix.fr/courses/promotions?page=8"},
{"name": "Cidre IPA 7°", "brand": "La mordue", "price": "1,50", "size": "27,5cl", "unit_price": "5,45 €", "unit_label": "L", "promo": "40% de remise sur le 2ème", "page": 8, "source_url": "https://www.franprix.fr/courses/promotions?page=8"},
{"name": "Bière cider 6°", "brand": "La mordue", "price": "1,50", "size": "27.5cl", "unit_price": "5,45 €", "unit_label": "L", "promo": "40% de remise sur le 2ème", "page": 8, "source_url": "https://www.franprix.fr/courses/promotions?page=8"},
{"name": "Bière cider rouge 6°", "brand": "La mordue", "price": "1,50", "size": "27.5cl", "unit_price": "5,45 €", "unit_label": "L", "promo": "40% de remise sur le 2ème", "page": 8, "source_url": "https://www.franprix.fr/courses/promotions?page=8"},
{"name": "Skyr stracciatella", "brand": "SIGGI'S", "price": "3,26", "size": "2x140g", "unit_price": "11,64 €", "unit_label": "KG", "promo": "45% de remise sur le 2ème", "page": 8, "source_url": "https://www.franprix.fr/courses/promotions?page=8"},
{"name": "Skyr à la noisette", "brand": "Siggi's", "price": "3,31", "size": "2X140g", "unit_price": "11,82 €", "unit_label": "KG", "promo": "45% de remise sur le 2ème", "page": 8, "source_url": "https://www.franprix.fr/courses/promotions?page=8"},
{"name": "Yaourt protéiné banane cacahuète", "brand": "Hipro", "price": "3,25", "size": "2x160g", "unit_price": "10,16 €", "unit_label": "KG", "promo": "45% de remise sur le 2ème", "page": 8, "source_url": "https://www.franprix.fr/courses/promotions?page=8"},
{"name": "Yaourt protéiné à boire à la mangue", "brand": "Danone", "price": "3,10", "size": "300g", "unit_price": "10,33 €", "unit_label": "KG", "promo": "45% de remise sur le 2ème", "page": 8, "source_url": "https://www.franprix.fr/courses/promotions?page=8"},
{"name": "Crème dessert vanille", "brand": "Hipro", "price": "2,25", "size": "180g", "unit_price": "12,50 €", "unit_label": "KG", "promo": "45% de remise sur le 2ème", "page": 8, "source_url": "https://www.franprix.fr/courses/promotions?page=8"},
{"name": "Saumon fumé Ecosse 4 tranches", "brand": "Labeyrie", "price": "8,72", "size": "130g", "unit_price": "67,08 €", "unit_label": "KG", "promo": "15% de remise", "page": 8, "source_url": "https://www.franprix.fr/courses/promotions?page=8"},
{"name": "Saumon fumé Norvège 4 tranches", "brand": "Labeyrie", "price": "8,74", "size": "130g", "unit_price": "67,23 €", "unit_label": "KG", "promo": "15% de remise", "page": 8, "source_url": "https://www.franprix.fr/courses/promotions?page=8"},
{"name": "Tablette de chocolat noir croustillant...", "brand": "Lindt", "price": "3,05", "size": "100g", "unit_price": "30,50 €", "unit_label": "KG", "promo": "45% de remise sur le 2ème", "page": 8, "source_url": "https://www.franprix.fr/courses/promotions?page=8"},
{"name": "Tablette de chocolat noir craquant aux...", "brand": "Lindt", "price": "3,10", "size": "100g", "unit_price": "31,00 €", "unit_label": "KG", "promo": "45% de remise sur le 2ème", "page": 8, "source_url": "https://www.franprix.fr/courses/promotions?page=8"},
{"name": "Tablette de chocolat création blanc...", "brand": "Lindt", "price": "5,14", "size": "145g", "unit_price": "35,45 €", "unit_label": "KG", "promo": "45% de remise sur le 2ème", "page": 8, "source_url": "https://www.franprix.fr/courses/promotions?page=8"},
{"name": "Tablette chocolat lait coeur fraîcheur...", "brand": "LINDT", "price": "3,81", "size": "150g", "unit_price": "25,40 €", "unit_label": "KG", "promo": "45% de remise sur le 2ème", "page": 8, "source_url": "https://www.franprix.fr/courses/promotions?page=8"},
{"name": "Préservatifs classic jeans confort et...", "brand": "Durex", "price": "9,97", "size": "x12", "unit_price": "9,97 €", "unit_label": "KG", "promo": "55% de remise sur le 2ème", "page": 8, "source_url": "https://www.franprix.fr/courses/promotions?page=8"},
{"name": "Preservatifs intensity", "brand": "Durex", "price": "7,87", "size": "x5", "unit_price": "7,87 €", "unit_label": "KG", "promo": "55% de remise sur le 2ème", "page": 8, "source_url": "https://www.franprix.fr/courses/promotions?page=8"},
{"name": "Eau minérale naturelle intensément...", "brand": "Badoit", "price": "5,15", "size": "6x1l", "unit_price": "0,86 €", "unit_label": "L", "promo": "45% de remise sur le 2ème", "page": 8, "source_url": "https://www.franprix.fr/courses/promotions?page=8"},
{"name": "Bière blonde", "brand": "1664", "price": "11,92", "size": "18x25cl", "unit_price": "2,65 €", "unit_label": "L", "promo": "20% de remise", "page": 8, "source_url": "https://www.franprix.fr/courses/promotions?page=8"},
{"name": "Biscuits chocolat au lait tablette", "brand": "Delichoc", "price": "2,57", "size": "150g", "unit_price": "17,13 €", "unit_label": "KG", "promo": "45% de remise sur le 2ème", "page": 8, "source_url": "https://www.franprix.fr/courses/promotions?page=8"},
{"name": "Biscuit croustillant nappage chocolat au...", "brand": "Delichoc", "price": "3,99", "size": "250g", "unit_price": "15,96 €", "unit_label": "KG", "promo": "45% de remise sur le 2ème", "page": 8, "source_url": "https://www.franprix.fr/courses/promotions?page=8"},
{"name": "Fromage lot 2eme -50%", "brand": "Caprice des dieux", "price": "6,29", "size": "2x200g", "unit_price": "15,73 €", "unit_label": "KG", "promo": "0.01€ de remise", "page": 8, "source_url": "https://www.franprix.fr/courses/promotions?page=8"},
{"name": "Filet de maquereaux aux légumes grillés", "brand": "Saupiquet", "price": "2,41", "size": "169g", "unit_price": "20,08 €", "unit_label": "KG", "promo": "45% de remise sur le 2ème", "page": 8, "source_url": "https://www.franprix.fr/courses/promotions?page=8"},
{"name": "Persil", "brand": "Ducros", "price": "1,95", "size": "17g", "unit_price": "114,70 €", "unit_label": "KG", "promo": "45% de remise sur le 2ème", "page": 8, "source_url": "https://www.franprix.fr/courses/promotions?page=8"},
{"name": "3 poivres moulin", "brand": "Ducros", "price": "4,00", "size": "34g", "unit_price": "117,65 €", "unit_label": "KG", "promo": "45% de remise sur le 2ème", "page": 8, "source_url": "https://www.franprix.fr/courses/promotions?page=8"},
{"name": "Poivre gris moulu", "brand": "Ducros", "price": "5,05", "size": "90g", "unit_price": "56,11 €", "unit_label": "KG", "promo": "45% de remise sur le 2ème", "page": 8, "source_url": "https://www.franprix.fr/courses/promotions?page=8"},
{"name": "Sauce piquante", "brand": "Cholula", "price": "3,06", "size": "150ml", "unit_price": "20,40 €", "unit_label": "L", "promo": "25% de remise", "page": 8, "source_url": "https://www.franprix.fr/courses/promotions?page=8"},
{"name": "Sauce hot original", "brand": "Cholula", "price": "3,03", "size": "150ml", "unit_price": "20,20 €", "unit_label": "L", "promo": "25% de remise", "page": 8, "source_url": "https://www.franprix.fr/courses/promotions?page=8"},
{"name": "Curry doux en poudre", "brand": "Ducros", "price": "2,41", "size": "47g", "unit_price": "51,28 €", "unit_label": "KG", "promo": "45% de remise sur le 2ème", "page": 8, "source_url": "https://www.franprix.fr/courses/promotions?page=8"},
{"name": "Gingembre moulu", "brand": "Ducros", "price": "2,70", "size": "29g", "unit_price": "93,10 €", "unit_label": "KG", "promo": "45% de remise sur le 2ème", "page": 8, "source_url": "https://www.franprix.fr/courses/promotions?page=8"},
{"name": "Origan", "brand": "Ducros", "price": "2,31", "size": "12g", "unit_price": "192,50 €", "unit_label": "KG", "promo": "45% de remise sur le 2ème", "page": 8, "source_url": "https://www.franprix.fr/courses/promotions?page=8"},
{"name": "Kit repas pour fajitas", "brand": "Cholula", "price": "4,21", "size": "490g", "unit_price": "8,59 €", "unit_label": "KG", "promo": "25% de remise", "page": 8, "source_url": "https://www.franprix.fr/courses/promotions?page=8"},
{"name": "Chips aromatisées saveur poulet rôti", "brand": "Lay's", "price": "1,40", "size": "45g", "unit_price": "31,11 €", "unit_label": "KG", "promo": "55% de remise sur le 2ème", "page": 8, "source_url": "https://www.franprix.fr/courses/promotions?page=8"},
{"name": "Noix de cajou grillées à sec", "brand": "Benenuts", "price": "5,95", "size": "165g", "unit_price": "36,06 €", "unit_label": "KG", "promo": "45% de remise sur le 2ème", "page": 8, "source_url": "https://www.franprix.fr/courses/promotions?page=8"},
{"name": "Chips au fromage du jura et poivre noir", "brand": "Lay's", "price": "2,36", "size": "120g", "unit_price": "19,67 €", "unit_label": "KG", "promo": "55% de remise sur le 2ème", "page": 8, "source_url": "https://www.franprix.fr/courses/promotions?page=8"},
{"name": "Chips paysanne oignons de Roscoff...", "brand": "Lay's", "price": "2,36", "size": "120g", "unit_price": "19,67 €", "unit_label": "KG", "promo": "55% de remise sur le 2ème", "page": 8, "source_url": "https://www.franprix.fr/courses/promotions?page=8"},
{"name": "Chips paysanne fromage frais ail et fines...", "brand": "Lay's", "price": "2,36", "size": "120g", "unit_price": "19,67 €", "unit_label": "KG", "promo": "55% de remise sur le 2ème", "page": 8, "source_url": "https://www.franprix.fr/courses/promotions?page=8"},
{"name": "Chips recette à l'ancienne", "brand": "Lay's", "price": "2,20", "size": "155g", "unit_price": "14,19 €", "unit_label": "KG", "promo": "55% de remise sur le 2ème", "page": 8, "source_url": "https://www.franprix.fr/courses/promotions?page=8"},
{"name": "Chips recette à l'ancienne", "brand": "Lay's", "price": "3,73", "size": "295g", "unit_price": "12,64 €", "unit_label": "KG", "promo": "55% de remise sur le 2ème", "page": 8, "source_url": "https://www.franprix.fr/courses/promotions?page=8"},
{"name": "Chips paysannes", "brand": "Lay's", "price": "2,20", "size": "155g", "unit_price": "14,19 €", "unit_label": "KG", "promo": "55% de remise sur le 2ème", "page": 9, "source_url": "https://www.franprix.fr/courses/promotions?page=9"},
{"name": "Chips nature", "brand": "Lays", "price": "3,10", "size": "250g", "unit_price": "12,40 €", "unit_label": "KG", "promo": "55% de remise sur le 2ème", "page": 9, "source_url": "https://www.franprix.fr/courses/promotions?page=9"},
{"name": "Chips nature", "brand": "Lay's", "price": "1,85", "size": "135g", "unit_price": "13,70 €", "unit_label": "KG", "promo": "55% de remise sur le 2ème", "page": 9, "source_url": "https://www.franprix.fr/courses/promotions?page=9"},
{"name": "Sauce apéritif goût guacamole", "brand": "Doritos", "price": "2,48", "size": "270g", "unit_price": "9,19 €", "unit_label": "KG", "promo": "20% de remise", "page": 9, "source_url": "https://www.franprix.fr/courses/promotions?page=9"},
{"name": "Tortilla doux chili", "brand": "Doritos", "price": "2,31", "size": "160g", "unit_price": "14,44 €", "unit_label": "KG", "promo": "20% de remise", "page": 9, "source_url": "https://www.franprix.fr/courses/promotions?page=9"},
{"name": "Tortilla sour cream", "brand": "Doritos", "price": "2,36", "size": "160g", "unit_price": "14,75 €", "unit_label": "KG", "promo": "20% de remise", "page": 9, "source_url": "https://www.franprix.fr/courses/promotions?page=9"},
{"name": "Tortilla chips saveur paprika", "brand": "Doritos", "price": "2,31", "size": "160g", "unit_price": "14,44 €", "unit_label": "KG", "promo": "20% de remise", "page": 9, "source_url": "https://www.franprix.fr/courses/promotions?page=9"},
{"name": "Tortilla nature", "brand": "Doritos", "price": "2,36", "size": "160g", "unit_price": "14,75 €", "unit_label": "KG", "promo": "20% de remise", "page": 9, "source_url": "https://www.franprix.fr/courses/promotions?page=9"},
{"name": "Tortilla nacho cheese", "brand": "Doritos", "price": "2,31", "size": "160g", "unit_price": "14,44 €", "unit_label": "KG", "promo": "20% de remise", "page": 9, "source_url": "https://www.franprix.fr/courses/promotions?page=9"},
{"name": "Tortilla barbeque", "brand": "Doritos", "price": "2,31", "size": "160g", "unit_price": "14,44 €", "unit_label": "KG", "promo": "20% de remise", "page": 9, "source_url": "https://www.franprix.fr/courses/promotions?page=9"},
{"name": "Thé glacé pétillant", "brand": "Lipton", "price": "3,71", "size": "6x33cl", "unit_price": "1,87 €", "unit_label": "L", "promo": "25% de remise", "page": 9, "source_url": "https://www.franprix.fr/courses/promotions?page=9"},
{"name": "Chips saveur barbecue", "brand": "Lays", "price": "1,95", "size": "135g", "unit_price": "14,44 €", "unit_label": "KG", "promo": "55% de remise sur le 2ème", "page": 9, "source_url": "https://www.franprix.fr/courses/promotions?page=9"},
{"name": "Chips saveur barbecue", "brand": "Lays", "price": "3,73", "size": "250G FORMAT FAMILIAL", "unit_price": "14,92 €", "unit_label": "KG", "promo": "55% de remise sur le 2ème", "page": 9, "source_url": "https://www.franprix.fr/courses/promotions?page=9"},
{"name": "Chips saveur emmental", "brand": "Lay's", "price": "1,95", "size": "135g", "unit_price": "14,44 €", "unit_label": "KG", "promo": "55% de remise sur le 2ème", "page": 9, "source_url": "https://www.franprix.fr/courses/promotions?page=9"},
{"name": "Chips saveur poulet rôti", "brand": "Lays", "price": "1,90", "size": "135g", "unit_price": "14,07 €", "unit_label": "KG", "promo": "55% de remise sur le 2ème", "page": 9, "source_url": "https://www.franprix.fr/courses/promotions?page=9"},
{"name": "Chips saveur sel et vinaigre", "brand": "Lay's", "price": "2,40", "size": "130g", "unit_price": "18,46 €", "unit_label": "KG", "promo": "55% de remise sur le 2ème", "page": 9, "source_url": "https://www.franprix.fr/courses/promotions?page=9"},
{"name": "Thé glacé", "brand": "Lipton", "price": "3,81", "size": "6x33cl", "unit_price": "1,92 €", "unit_label": "L", "promo": "25% de remise", "page": 9, "source_url": "https://www.franprix.fr/courses/promotions?page=9"},
{"name": "Thé glacé pêche zéro", "brand": "Lipton", "price": "3,42", "size": "6x33cl", "unit_price": "1,73 €", "unit_label": "L", "promo": "25% de remise", "page": 9, "source_url": "https://www.franprix.fr/courses/promotions?page=9"},
{"name": "Soda", "brand": "Pepsi zero", "price": "3,57", "size": "6x33cl", "unit_price": "1,80 €", "unit_label": "L", "promo": "55% de remise sur le 2ème", "page": 9, "source_url": "https://www.franprix.fr/courses/promotions?page=9"},
{"name": "Chips paysanne saveur vinaigre de cidre...", "brand": "Lay's", "price": "2,20", "size": "120g", "unit_price": "18,33 €", "unit_label": "KG", "promo": "55% de remise sur le 2ème", "page": 9, "source_url": "https://www.franprix.fr/courses/promotions?page=9"},
{"name": "Chips paysanne saveur poulet, moutarde et...", "brand": "Lay's", "price": "2,20", "size": "120g", "unit_price": "18,33 €", "unit_label": "KG", "promo": "55% de remise sur le 2ème", "page": 9, "source_url": "https://www.franprix.fr/courses/promotions?page=9"},
{"name": "Biscuits apéritifs saveur fromage", "brand": "Cheetos", "price": "1,34", "size": "80g", "unit_price": "16,75 €", "unit_label": "KG", "promo": "25% de remise", "page": 9, "source_url": "https://www.franprix.fr/courses/promotions?page=9"},
{"name": "Lessive fraicheur et givre", "brand": "X-TRA", "price": "8,34", "size": "40l", "unit_price": "4,49 €", "unit_label": "L", "promo": "25% de remise", "page": 9, "source_url": "https://www.franprix.fr/courses/promotions?page=9"},
{"name": "Lessive 44 lavages", "brand": "Xtra", "price": "8,15", "size": "40l", "unit_price": "3,99 €", "unit_label": "L", "promo": "25% de remise", "page": 9, "source_url": "https://www.franprix.fr/courses/promotions?page=9"},
{"name": "Boisson avoine sans sucre", "brand": "Bjorg", "price": "3,25", "size": "1l", "unit_price": "3,25 €", "unit_label": "L", "promo": "55% de remise sur le 2ème", "page": 9, "source_url": "https://www.franprix.fr/courses/promotions?page=9"},
{"name": "Salade Manhattan", "brand": "Sodebo", "price": "4,99", "size": "320g", "unit_price": "15,59 €", "unit_label": "KG", "promo": "45% de remise sur le 2ème", "page": 9, "source_url": "https://www.franprix.fr/courses/promotions?page=9"},
{"name": "Salade Montmartre", "brand": "Sodebo", "price": "5,08", "size": "320g", "unit_price": "15,88 €", "unit_label": "KG", "promo": "45% de remise sur le 2ème", "page": 9, "source_url": "https://www.franprix.fr/courses/promotions?page=9"},
{"name": "Salade Roma", "brand": "Sodebo", "price": "5,09", "size": "320g", "unit_price": "15,91 €", "unit_label": "KG", "promo": "45% de remise sur le 2ème", "page": 9, "source_url": "https://www.franprix.fr/courses/promotions?page=9"},
{"name": "Ravioles tomate mozzarella Bio", "brand": "Saint-Jean", "price": "4,72", "size": "310g", "unit_price": "15,22 €", "unit_label": "KG", "promo": "55% de remise sur le 2ème", "page": 9, "source_url": "https://www.franprix.fr/courses/promotions?page=9"},
{"name": "Bière Blonde 7°5 50cl", "brand": "Jenlain", "price": "1,50", "size": "50cl", "unit_price": "3,00 €", "unit_label": "L", "promo": "25% de remise", "page": 9, "source_url": "https://www.franprix.fr/courses/promotions?page=9"},
{"name": "Bière blonde", "brand": "Jenlain", "price": "3,03", "size": "75cl", "unit_price": "4,04 €", "unit_label": "L", "promo": "25% de remise", "page": 9, "source_url": "https://www.franprix.fr/courses/promotions?page=9"},
{"name": "Bière blonde ipa 5°7", "brand": "Jenlain", "price": "1,61", "size": "50cl", "unit_price": "3,22 €", "unit_label": "L", "promo": "25% de remise", "page": 9, "source_url": "https://www.franprix.fr/courses/promotions?page=9"},
{"name": "Cônes coco mangue", "brand": "Extreme", "price": "5,33", "size": "414g", "unit_price": "12,87 €", "unit_label": "KG", "promo": "45% de remise sur le 2ème", "page": 9, "source_url": "https://www.franprix.fr/courses/promotions?page=9"},
{"name": "Extrême chocalat caramel", "brand": "Extreme", "price": "6,14", "size": "426g", "unit_price": "14,41 €", "unit_label": "KG", "promo": "45% de remise sur le 2ème", "page": 9, "source_url": "https://www.franprix.fr/courses/promotions?page=9"},
{"name": "Bière blonde de Flandre", "brand": "3 monts", "price": "2,55", "size": "50cl", "unit_price": "5,10 €", "unit_label": "L", "promo": "45% de remise sur le 2ème", "page": 9, "source_url": "https://www.franprix.fr/courses/promotions?page=9"},
{"name": "Bière triple 9°5", "brand": "3 monts", "price": "2,15", "size": "50cl", "unit_price": "4,30 €", "unit_label": "L", "promo": "45% de remise sur le 2ème", "page": 9, "source_url": "https://www.franprix.fr/courses/promotions?page=9"},
{"name": "Skyr nature", "brand": "Yoplait skyr", "price": "4,57", "size": "850g", "unit_price": "5,38 €", "unit_label": "KG", "promo": "45% de remise sur le 2ème", "page": 9, "source_url": "https://www.franprix.fr/courses/promotions?page=9"},
{"name": "Yaourt aux fruits jaunes", "brand": "Panier de yoplait", "price": "3,25", "size": "8x125g", "unit_price": "3,25 €", "unit_label": "KG", "promo": "15% de remise", "page": 9, "source_url": "https://www.franprix.fr/courses/promotions?page=9"},
{"name": "Yaourt aux fruits rouges", "brand": "Yoplait", "price": "3,25", "size": "8x125g", "unit_price": "3,25 €", "unit_label": "KG", "promo": "15% de remise", "page": 9, "source_url": "https://www.franprix.fr/courses/promotions?page=9"},
{"name": "Yourt aux fruits jaunes 0% MG", "brand": "Yoplait", "price": "3,35", "size": "8x125g", "unit_price": "3,35 €", "unit_label": "KG", "promo": "15% de remise", "page": 9, "source_url": "https://www.franprix.fr/courses/promotions?page=9"},
{"name": "Yaourt aux fruits rouges 0% MG", "brand": "Yoplait", "price": "3,35", "size": "8x125g", "unit_price": "3,35 €", "unit_label": "KG", "promo": "15% de remise", "page": 9, "source_url": "https://www.franprix.fr/courses/promotions?page=9"},
{"name": "YETI Best of Glace à l'eau fruits et cola", "brand": "Yeti", "price": "4,41", "size": "370G", "unit_price": "11,92 €", "unit_label": "KG", "promo": "100% de remise sur le 3ème", "page": 9, "source_url": "https://www.franprix.fr/courses/promotions?page=9"},
{"name": "Chips gout cheddar", "brand": "Monster munch", "price": "1,95", "size": "85g", "unit_price": "22,94 €", "unit_label": "KG", "promo": "45% de remise sur le 2ème", "page": 9, "source_url": "https://www.franprix.fr/courses/promotions?page=9"},
{"name": "Chips lisses saveur barbecue", "brand": "Vico", "price": "1,94", "size": "125g", "unit_price": "15,52 €", "unit_label": "KG", "promo": "45% de remise sur le 2ème", "page": 9, "source_url": "https://www.franprix.fr/courses/promotions?page=9"},
{"name": "Chips lisses saveur poulet rôti", "brand": "Vico", "price": "1,94", "size": "125g", "unit_price": "15,52 €", "unit_label": "KG", "promo": "45% de remise sur le 2ème", "page": 9, "source_url": "https://www.franprix.fr/courses/promotions?page=9"},
{"name": "Fromage fouetté à tartiner nature réduit...", "brand": "Paysan breton", "price": "2,80", "size": "150g", "unit_price": "18,67 €", "unit_label": "KG", "promo": "55% de remise sur le 2ème", "page": 9, "source_url": "https://www.franprix.fr/courses/promotions?page=9"},
{"name": "Pot de glace spéculos", "brand": "Haagen-dazs", "price": "5,12", "size": "400g", "unit_price": "12,80 €", "unit_label": "KG", "promo": "20% de remise", "page": 9, "source_url": "https://www.franprix.fr/courses/promotions?page=9"},
{"name": "Glaces caramel beurre salé", "brand": "Haagen-dazs", "price": "6,72", "size": "4x95ml", "unit_price": "20,74 €", "unit_label": "KG", "promo": "20% de remise", "page": 9, "source_url": "https://www.franprix.fr/courses/promotions?page=9"},
{"name": "Glace vanille minipots", "brand": "Häagen-Dazs", "price": "6,55", "size": "321g", "unit_price": "20,40 €", "unit_label": "KG", "promo": "20% de remise", "page": 9, "source_url": "https://www.franprix.fr/courses/promotions?page=9"},
{"name": "Clairette de Die tradition bio", "brand": "Jaillance", "price": "7,13", "size": "75cl", "unit_price": "9,51 €", "unit_label": "L", "promo": "20% de remise", "page": 9, "source_url": "https://www.franprix.fr/courses/promotions?page=9"},
{"name": "Liquide vaisselle citron", "brand": "L'arbre vert", "price": "2,59", "size": "750ml", "unit_price": "3,45 €", "unit_label": "L", "promo": "25% de remise", "page": 9, "source_url": "https://www.franprix.fr/courses/promotions?page=9"},
{"name": "Saumon fumé à l'huile de colza et à...", "brand": "Paralleles", "price": "3,74", "size": "160g", "unit_price": "51,94 €", "unit_label": "KG", "promo": "25% de remise", "page": 9, "source_url": "https://www.franprix.fr/courses/promotions?page=9"},
{"name": "Tortillas chips salé bio", "brand": "Mandy", "price": "2,67", "size": "135g", "unit_price": "19,78 €", "unit_label": "KG", "promo": "25% de remise", "page": 9, "source_url": "https://www.franprix.fr/courses/promotions?page=9"},
{"name": "Bière blonde 6°5", "brand": "Bellerose", "price": "4,62", "size": "75cl", "unit_price": "6,16 €", "unit_label": "L", "promo": "45% de remise sur le 2ème", "page": 9, "source_url": "https://www.franprix.fr/courses/promotions?page=9"},
{"name": "Compote à base de fuits verts", "brand": "Andros", "price": "2,46", "size": "400g", "unit_price": "6,15 €", "unit_label": "KG", "promo": "55% de remise sur le 2ème", "page": 9, "source_url": "https://www.franprix.fr/courses/promotions?page=9"},
{"name": "Compote à base de fruits rouges", "brand": "Andros", "price": "2,45", "size": "400g", "unit_price": "6,13 €", "unit_label": "KG", "promo": "55% de remise sur le 2ème", "page": 9, "source_url": "https://www.franprix.fr/courses/promotions?page=9"},
{"name": "Gâteaux moelleux fourrés chocolat", "brand": "Brossard", "price": "3,41", "size": "210g", "unit_price": "16,24 €", "unit_label": "KG", "promo": "45% de remise sur le 2ème", "page": 9, "source_url": "https://www.franprix.fr/courses/promotions?page=9"},
{"name": "Savane pocket chocolat noir", "brand": "Brossard", "price": "3,15", "size": "x7", "unit_price": "15,00 €", "unit_label": "KG", "promo": "45% de remise sur le 2ème", "page": 9, "source_url": "https://www.franprix.fr/courses/promotions?page=9"},
{"name": "Barre céréale light vanille chocolat", "brand": "Feed", "price": "3,90", "size": "70g", "unit_price": "55,71 €", "unit_label": "KG", "promo": "25% de remise", "page": 9, "source_url": "https://www.franprix.fr/courses/promotions?page=9"},
{"name": "Barre light caramel crispy", "brand": "Feed.", "price": "3,76", "size": "40g", "unit_price": "53,71 €", "unit_label": "KG", "promo": "25% de remise", "page": 9, "source_url": "https://www.franprix.fr/courses/promotions?page=9"},
{"name": "Snacki originale fumée halal", "brand": "Oriental viandes", "price": "3,14", "size": "10x35g", "unit_price": "8,97 €", "unit_label": "KG", "promo": "5% de remise", "page": 10, "source_url": "https://www.franprix.fr/courses/promotions?page=10"},
{"name": "Bière IPA 6° barge du canal", "brand": "Paname brewing company", "price": "3,10", "size": "33cl", "unit_price": "9,39 €", "unit_label": "L", "promo": "100% de remise sur le 3ème", "page": 10, "source_url": "https://www.franprix.fr/courses/promotions?page=10"},
{"name": "Bière 4°6 œil de biche", "brand": "Paname", "price": "3,15", "size": "33cl", "unit_price": "9,54 €", "unit_label": "L", "promo": "100% de remise sur le 3ème", "page": 10, "source_url": "https://www.franprix.fr/courses/promotions?page=10"},
{"name": "Bière 4°5 arme blanche", "brand": "Paname brewing company", "price": "3,17", "size": "33cl", "unit_price": "9,61 €", "unit_label": "L", "promo": "100% de remise sur le 3ème", "page": 10, "source_url": "https://www.franprix.fr/courses/promotions?page=10"},
{"name": "Biscuits apéritifs chorizo d'Espagne et...", "brand": "Michel et augustin", "price": "3,94", "size": "90g", "unit_price": "43,78 €", "unit_label": "KG", "promo": "55% de remise sur le 2ème", "page": 10, "source_url": "https://www.franprix.fr/courses/promotions?page=10"},
{"name": "Mini cookies chocolat et pécan", "brand": "Michel et augustin", "price": "2,94", "size": "100G", "unit_price": "29,40 €", "unit_label": "KG", "promo": "55% de remise sur le 2ème", "page": 10, "source_url": "https://www.franprix.fr/courses/promotions?page=10"},
{"name": "Feuilletés apéritifs camembert AOP", "brand": "Michel et augustin", "price": "3,41", "size": "80g", "unit_price": "42,63 €", "unit_label": "KG", "promo": "55% de remise sur le 2ème", "page": 10, "source_url": "https://www.franprix.fr/courses/promotions?page=10"},
{"name": "Feuilletés apéritifs sel de Guérande IGP...", "brand": "Michel et augustin", "price": "3,41", "size": "80g", "unit_price": "42,63 €", "unit_label": "KG", "promo": "55% de remise sur le 2ème", "page": 10, "source_url": "https://www.franprix.fr/courses/promotions?page=10"},
{"name": "Assortiments mini beignets pomme, fraise...", "brand": "Les Délices des 7 Vallées", "price": "4,65", "size": "x12", "unit_price": "15,50 €", "unit_label": "KG", "promo": "0.01€ de remise", "page": 10, "source_url": "https://www.franprix.fr/courses/promotions?page=10"},
{"name": "Mini beignets fourrés aux pommes", "brand": "Les Délices des 7 Vallées", "price": "3,31", "size": "8x25g", "unit_price": "16,55 €", "unit_label": "KG", "promo": "0.01€ de remise", "page": 10, "source_url": "https://www.franprix.fr/courses/promotions?page=10"},
{"name": "Mini beignets fourrés au chocolat...", "brand": "Les Délices des 7 Vallées", "price": "3,31", "size": "25Gx8", "unit_price": "16,55 €", "unit_label": "KG", "promo": "0.01€ de remise", "page": 10, "source_url": "https://www.franprix.fr/courses/promotions?page=10"},
{"name": "Bière session ipa 4°5", "brand": "Sant erwann", "price": "2,43", "size": "44cl", "unit_price": "4,86 €", "unit_label": "L", "promo": "25% de remise", "page": 10, "source_url": "https://www.franprix.fr/courses/promotions?page=10"},
{"name": "Bière IPA", "brand": "La parisienne", "price": "3,25", "size": "33cl", "unit_price": "9,85 €", "unit_label": "L", "promo": "25% de remise sur le 2ème", "page": 10, "source_url": "https://www.franprix.fr/courses/promotions?page=10"},
{"name": "Bière pale ale Bio 5°5", "brand": "La parisienne", "price": "3,31", "size": "33cl", "unit_price": "10,03 €", "unit_label": "L", "promo": "25% de remise sur le 2ème", "page": 10, "source_url": "https://www.franprix.fr/courses/promotions?page=10"},
{"name": "Bière wheat ale Bio 5°5", "brand": "La parisienne", "price": "3,25", "size": "33cl", "unit_price": "9,85 €", "unit_label": "L", "promo": "25% de remise sur le 2ème", "page": 10, "source_url": "https://www.franprix.fr/courses/promotions?page=10"},
{"name": "Bière blonde amber ale Bio 5°5", "brand": "La parisienne", "price": "3,31", "size": "33cl", "unit_price": "10,03 €", "unit_label": "L", "promo": "25% de remise sur le 2ème", "page": 10, "source_url": "https://www.franprix.fr/courses/promotions?page=10"},
{"name": "Bière IPA sans alcool", "brand": "La parisienne", "price": "3,55", "size": "33cl", "unit_price": "10,76 €", "unit_label": "L", "promo": "25% de remise sur le 2ème", "page": 10, "source_url": "https://www.franprix.fr/courses/promotions?page=10"},
{"name": "Bière sans alcool bang", "brand": "Bapbap", "price": "2,69", "size": "33cl", "unit_price": "8,15 €", "unit_label": "L", "promo": "45% de remise sur le 2ème", "page": 10, "source_url": "https://www.franprix.fr/courses/promotions?page=10"},
{"name": "Bâtonnets glacés bio fraise et mangue", "brand": "Pop fruit", "price": "4,23", "size": "280g", "unit_price": "17,63 €", "unit_label": "KG", "promo": "25% de remise", "page": 10, "source_url": "https://www.franprix.fr/courses/promotions?page=10"},
{"name": "Batonnet pistache de sicile enrobage...", "brand": "Popelino", "price": "3,93", "size": "312g", "unit_price": "12,60 €", "unit_label": "KG", "promo": "25% de remise", "page": 10, "source_url": "https://www.franprix.fr/courses/promotions?page=10"},
{"name": "Bière blonde BIO", "brand": "Vezelay", "price": "4,29", "size": "75cl", "unit_price": "5,72 €", "unit_label": "L", "promo": "25% de remise", "page": 10, "source_url": "https://www.franprix.fr/courses/promotions?page=10"},
{"name": "Bière IPA BIO", "brand": "Vezelay", "price": "4,60", "size": "75cl", "unit_price": "6,13 €", "unit_label": "L", "promo": "25% de remise", "page": 10, "source_url": "https://www.franprix.fr/courses/promotions?page=10"},
{"name": "Bière ambrée BIO", "brand": "Vezelay", "price": "4,60", "size": "75cl", "unit_price": "6,13 €", "unit_label": "L", "promo": "25% de remise", "page": 10, "source_url": "https://www.franprix.fr/courses/promotions?page=10"},
{"name": "Bière blonde style abbaye BIO 8°", "brand": "Brasserie De Vezelay", "price": "4,68", "size": "75cl", "unit_price": "6,24 €", "unit_label": "L", "promo": "25% de remise", "page": 10, "source_url": "https://www.franprix.fr/courses/promotions?page=10"},
{"name": "Craft blonde 0.0", "brand": "Petit beret", "price": "2,74", "size": "33cl", "unit_price": "8,30 €", "unit_label": "L", "promo": "10% de remise", "page": 10, "source_url": "https://www.franprix.fr/courses/promotions?page=10"},
{"name": "Bière ipa sans alcool", "brand": "Le petit beret", "price": "2,72", "size": "33cl", "unit_price": "8,24 €", "unit_label": "L", "promo": "10% de remise", "page": 10, "source_url": "https://www.franprix.fr/courses/promotions?page=10"},
{"name": "Bière blonde rimshot 4°6", "brand": "BRASSERIE MIRA", "price": "2,25", "size": "33cl", "unit_price": "6,82 €", "unit_label": "L", "promo": "25% de remise", "page": 10, "source_url": "https://www.franprix.fr/courses/promotions?page=10"},
{"name": "Bière blanche olympic 4°2", "brand": "BRASSERIE MIRA", "price": "2,25", "size": "33cl", "unit_price": "6,82 €", "unit_label": "L", "promo": "25% de remise", "page": 10, "source_url": "https://www.franprix.fr/courses/promotions?page=10"},
{"name": "Bière passion IPA 6°8", "brand": "Mira", "price": "2,71", "size": "33cl", "unit_price": "8,21 €", "unit_label": "L", "promo": "25% de remise", "page": 10, "source_url": "https://www.franprix.fr/courses/promotions?page=10"},
{"name": "Jus 100% pur jus orange Brésil Bio", "brand": "Ethiquable", "price": "6,06", "size": "1l", "unit_price": "6,06 €", "unit_label": "L", "promo": "15% de remise", "page": 10, "source_url": "https://www.franprix.fr/courses/promotions?page=10"},
{"name": "Bière blonde 5°5", "brand": "Fada", "price": "2,10", "size": "33cl", "unit_price": "6,36 €", "unit_label": "L", "promo": "25% de remise", "page": 10, "source_url": "https://www.franprix.fr/courses/promotions?page=10"},
{"name": "2 steacks végétaux et gourmands", "brand": "Happyvore", "price": "3,99", "size": "200g", "unit_price": "19,95 €", "unit_label": "KG", "promo": "20% de remise", "page": 10, "source_url": "https://www.franprix.fr/courses/promotions?page=10"},
{"name": "Riz basmati sachets cuisson 10min", "brand": "Lustucru", "price": "3,90", "size": "5x90g", "unit_price": "8,67 €", "unit_label": "KG", "promo": "55% de remise sur le 2ème", "page": 10, "source_url": "https://www.franprix.fr/courses/promotions?page=10"},
{"name": "Bière blonde française", "brand": "Dulion", "price": "3,10", "size": "33cl", "unit_price": "93,94 €", "unit_label": "L", "promo": "55% de remise sur le 2ème", "page": 10, "source_url": "https://www.franprix.fr/courses/promotions?page=10"},
{"name": "Bière blanche française", "brand": "Dulion", "price": "3,10", "size": "33cl", "unit_price": "93,94 €", "unit_label": "L", "promo": "55% de remise sur le 2ème", "page": 10, "source_url": "https://www.franprix.fr/courses/promotions?page=10"},
{"name": "Bière IPA française", "brand": "Dulion", "price": "3,41", "size": "33cl", "unit_price": "10,33 €", "unit_label": "L", "promo": "55% de remise sur le 2ème", "page": 10, "source_url": "https://www.franprix.fr/courses/promotions?page=10"},
{"name": "Bière IPA 5°", "brand": "Lbf", "price": "4,53", "size": "75cl", "unit_price": "6,04 €", "unit_label": "L", "promo": "25% de remise", "page": 10, "source_url": "https://www.franprix.fr/courses/promotions?page=10"},
{"name": "Bière NEIPA", "brand": "Hubster", "price": "3,10", "size": "33cl", "unit_price": "5,17 €", "unit_label": "L", "promo": "45% de remise sur le 2ème", "page": 10, "source_url": "https://www.franprix.fr/courses/promotions?page=10"},
{"name": "Bière IPA", "brand": "Hubster", "price": "3,05", "size": "33cl", "unit_price": "5,08 €", "unit_label": "L", "promo": "45% de remise sur le 2ème", "page": 10, "source_url": "https://www.franprix.fr/courses/promotions?page=10"},
{"name": "Merguez végetales et gourmandes", "brand": "Happyvore", "price": "4,07", "size": "200g", "unit_price": "20,35 €", "unit_label": "KG", "promo": "20% de remise", "page": 10, "source_url": "https://www.franprix.fr/courses/promotions?page=10"},
{"name": "Chipolatas végétales", "brand": "Happyvore", "price": "3,83", "size": "200g", "unit_price": "19,15 €", "unit_label": "KG", "promo": "20% de remise", "page": 10, "source_url": "https://www.franprix.fr/courses/promotions?page=10"},
{"name": "Bière citron frais 5°", "brand": "Natz", "price": "1,96", "size": "33cl", "unit_price": "5,94 €", "unit_label": "L", "promo": "25% de remise", "page": 10, "source_url": "https://www.franprix.fr/courses/promotions?page=10"},
{"name": "Bière gingembre 5°", "brand": "Natz", "price": "1,96", "size": "33cl", "unit_price": "5,94 €", "unit_label": "L", "promo": "25% de remise", "page": 10, "source_url": "https://www.franprix.fr/courses/promotions?page=10"},
{"name": "Bière blonde 5°", "brand": "Natz", "price": "1,96", "size": "33cl", "unit_price": "5,94 €", "unit_label": "L", "promo": "25% de remise", "page": 10, "source_url": "https://www.franprix.fr/courses/promotions?page=10"},
{"name": "Bière munich hell canette 4°9", "brand": "Paulaner", "price": "2,10", "size": "50cl", "unit_price": "4,20 €", "unit_label": "L", "promo": "100% de remise sur le 3ème", "page": 10, "source_url": "https://www.franprix.fr/courses/promotions?page=10"},
{"name": "Bière weissbier canette 5°5", "brand": "Paulaner", "price": "2,26", "size": "50cl", "unit_price": "4,52 €", "unit_label": "L", "promo": "100% de remise sur le 3ème", "page": 10, "source_url": "https://www.franprix.fr/courses/promotions?page=10"},
{"name": "Snickers extra", "brand": "Snickers", "price": "2,00", "size": "66g", "unit_price": "30,30 €", "unit_label": "KG", "promo": "45% de remise sur le 2ème", "page": 10, "source_url": "https://www.franprix.fr/courses/promotions?page=10"},
{"name": "Cacahuètes enrobées de chocolat au lait", "brand": "M&M", "price": "1,99", "size": "82g", "unit_price": "24,27 €", "unit_label": "KG", "promo": "35% de remise sur le 2ème", "page": 10, "source_url": "https://www.franprix.fr/courses/promotions?page=10"},
{"name": "Bonbons riz soufflé enrobés de chocolat...", "brand": "M&m's", "price": "3,78", "size": "187g", "unit_price": "20,21 €", "unit_label": "KG", "promo": "35% de remise sur le 2ème", "page": 10, "source_url": "https://www.franprix.fr/courses/promotions?page=10"},
{"name": "Bonbons riz soufflé enrobés de chocolat...", "brand": "M&m's", "price": "6,40", "size": "340g", "unit_price": "18,82 €", "unit_label": "KG", "promo": "35% de remise sur le 2ème", "page": 10, "source_url": "https://www.franprix.fr/courses/promotions?page=10"},
{"name": "Bonbons chocolatés cœur de céréales...", "brand": "M&m's", "price": "2,00", "size": "77g", "unit_price": "25,97 €", "unit_label": "KG", "promo": "35% de remise sur le 2ème", "page": 10, "source_url": "https://www.franprix.fr/courses/promotions?page=10"},
{"name": "Cacahuètes enrobées de chocolat", "brand": "M&m's", "price": "2,89", "size": "5x180g", "unit_price": "16,05 €", "unit_label": "KG", "promo": "35% de remise sur le 2ème", "page": 10, "source_url": "https://www.franprix.fr/courses/promotions?page=10"},
{"name": "Désodorisant au muguet", "brand": "Glade", "price": "1,89", "size": "150g", "unit_price": "12,60 €", "unit_label": "KG", "promo": "25% de remise", "page": 10, "source_url": "https://www.franprix.fr/courses/promotions?page=10"},
{"name": "Rhum épicé", "brand": "Captain morgan", "price": "23,81", "size": "1L", "unit_price": "23,81 €", "unit_label": "L", "promo": "2€ de remise", "page": 10, "source_url": "https://www.franprix.fr/courses/promotions?page=10"},
{"name": "Mélange de falafels libanais", "brand": "Alfez", "price": "4,15", "size": "150g", "unit_price": "27,67 €", "unit_label": "KG", "promo": "100% de remise sur le 3ème", "page": 10, "source_url": "https://www.franprix.fr/courses/promotions?page=10"},
{"name": "Lingettes bébé", "brand": "Huggies", "price": "2,17", "size": "x48", "unit_price": "2,90 €", "unit_label": "KG", "promo": "25% de remise", "page": 10, "source_url": "https://www.franprix.fr/courses/promotions?page=10"},
{"name": "Céréales natures", "brand": "Kellogg's", "price": "5,05", "size": "500g", "unit_price": "10,10 €", "unit_label": "KG", "promo": "45% de remise sur le 2ème", "page": 10, "source_url": "https://www.franprix.fr/courses/promotions?page=10"},
{"name": "Gel lubrifiant intime sensitive base eau", "brand": "Durex", "price": "10,60", "size": "100ml", "unit_price": "106,00 €", "unit_label": "L", "promo": "55% de remise sur le 2ème", "page": 10, "source_url": "https://www.franprix.fr/courses/promotions?page=10"},
{"name": "Barres Amandes grillées et Chocolat Noir", "brand": "KELLOG'S", "price": "4,30", "size": "X4", "unit_price": "33,59 €", "unit_label": "KG", "promo": "45% de remise sur le 2ème", "page": 10, "source_url": "https://www.franprix.fr/courses/promotions?page=10"},
{"name": "Bière ipa 5°", "brand": "Brewdog", "price": "3,10", "size": "33cl", "unit_price": "9,39 €", "unit_label": "L", "promo": "100% de remise sur le 3ème", "page": 10, "source_url": "https://www.franprix.fr/courses/promotions?page=10"},
{"name": "Bière blonde IPA 4°3", "brand": "Brewdog", "price": "2,20", "size": "33cl", "unit_price": "6,67 €", "unit_label": "L", "promo": "100% de remise sur le 3ème", "page": 11, "source_url": "https://www.franprix.fr/courses/promotions?page=11"},
{"name": "Barre protéinée avec vitamines saveur...", "brand": "Fulfil", "price": "2,32", "size": "55g", "unit_price": "42,18 €", "unit_label": "KG", "promo": "25% de remise", "page": 11, "source_url": "https://www.franprix.fr/courses/promotions?page=11"},
{"name": "Barre protéinée avec vitamines saveur...", "brand": "Fulfil", "price": "2,28", "size": "55g", "unit_price": "41,45 €", "unit_label": "KG", "promo": "25% de remise", "page": 11, "source_url": "https://www.franprix.fr/courses/promotions?page=11"},
{"name": "Biere 5°2", "brand": "STELLA ARTOIS", "price": "4,95", "size": "6X25CL", "unit_price": "3,30 €", "unit_label": "L", "promo": "25% de remise", "page": 11, "source_url": "https://www.franprix.fr/courses/promotions?page=11"},
{"name": "Dessert Végétal soja fraise", "brand": "Alpro", "price": "3,45", "size": "500G", "unit_price": "6,90 €", "unit_label": "KG", "promo": "45% de remise sur le 2ème", "page": 11, "source_url": "https://www.franprix.fr/courses/promotions?page=11"},
{"name": "Skyr végétal nature", "brand": "Alpro", "price": "3,19", "size": "400G", "unit_price": "7,97 €", "unit_label": "KG", "promo": "45% de remise sur le 2ème", "page": 11, "source_url": "https://www.franprix.fr/courses/promotions?page=11"},
{"name": "Coca-cola", "brand": "Coca-cola", "price": "4,83", "size": "6x20cl", "unit_price": "4,03 €", "unit_label": "L", "promo": "25% de remise sur le 2ème", "page": 11, "source_url": "https://www.franprix.fr/courses/promotions?page=11"},
{"name": "Coca-cola sans sucres", "brand": "Coca-cola zero", "price": "4,30", "size": "6x20cl", "unit_price": "3,58 €", "unit_label": "L", "promo": "25% de remise sur le 2ème", "page": 11, "source_url": "https://www.franprix.fr/courses/promotions?page=11"},
{"name": "Soda sans sucre et sans caféine", "brand": "Coca-cola zero", "price": "4,83", "size": "6x20cl", "unit_price": "4,03 €", "unit_label": "L", "promo": "25% de remise sur le 2ème", "page": 11, "source_url": "https://www.franprix.fr/courses/promotions?page=11"},
{"name": "Minis bonbons au chocolat", "brand": "M&m's", "price": "3,59", "size": "176g", "unit_price": "20,40 €", "unit_label": "KG", "promo": "35% de remise sur le 2ème", "page": 11, "source_url": "https://www.franprix.fr/courses/promotions?page=11"},
{"name": "Déodorant bille femme anti transprirant...", "brand": "Dove", "price": "4,93", "size": "50ml", "unit_price": "98,60 €", "unit_label": "L", "promo": "55% de remise sur le 2ème", "page": 11, "source_url": "https://www.franprix.fr/courses/promotions?page=11"},
{"name": "Cocktail martini fruit passion", "brand": "Tails", "price": "13,11", "size": "50cl", "unit_price": "26,22 €", "unit_label": "L", "promo": "25% de remise", "page": 11, "source_url": "https://www.franprix.fr/courses/promotions?page=11"},
{"name": "Cocktail cosmopolitain", "brand": "Tails", "price": "13,10", "size": "50cl", "unit_price": "26,20 €", "unit_label": "L", "promo": "25% de remise", "page": 11, "source_url": "https://www.franprix.fr/courses/promotions?page=11"},
{"name": "Café capsules compatibles Dolce Latte", "brand": "Nescafé", "price": "6,05", "size": "x16", "unit_price": "36,01 €", "unit_label": "KG", "promo": "45% de remise sur le 2ème", "page": 11, "source_url": "https://www.franprix.fr/courses/promotions?page=11"},
{"name": "Café capsules compatibles Nespresso...", "brand": "Starbucks", "price": "5,05", "size": "x10", "unit_price": "90,18 €", "unit_label": "KG", "promo": "55% de remise sur le 2ème", "page": 11, "source_url": "https://www.franprix.fr/courses/promotions?page=11"},
{"name": "Café capsules compatibles Dolce Gusto...", "brand": "Nescafé Dolce Gusto", "price": "6,14", "size": "x16", "unit_price": "45,15 €", "unit_label": "KG", "promo": "45% de remise sur le 2ème", "page": 11, "source_url": "https://www.franprix.fr/courses/promotions?page=11"},
{"name": "Chewing-gum parfum menthe verte sans...", "brand": "Hollywood", "price": "1,60", "size": "x10", "unit_price": "38,10 €", "unit_label": "KG", "promo": "20% de remise", "page": 11, "source_url": "https://www.franprix.fr/courses/promotions?page=11"},
{"name": "Crackers à l'emmental", "brand": "Belin", "price": "2,33", "size": "170g", "unit_price": "13,71 €", "unit_label": "KG", "promo": "15% de remise", "page": 11, "source_url": "https://www.franprix.fr/courses/promotions?page=11"},
{"name": "Chewing-gum à la fraise sans sucres", "brand": "Hollywood", "price": "3,10", "size": "70g", "unit_price": "44,29 €", "unit_label": "KG", "promo": "20% de remise", "page": 11, "source_url": "https://www.franprix.fr/courses/promotions?page=11"},
{"name": "Croustille emmental", "brand": "Belin", "price": "2,20", "size": "138G", "unit_price": "15,94 €", "unit_label": "KG", "promo": "45% de remise sur le 2ème", "page": 11, "source_url": "https://www.franprix.fr/courses/promotions?page=11"},
{"name": "Croustille croustille", "brand": "Belin", "price": "2,20", "size": "138G", "unit_price": "15,94 €", "unit_label": "KG", "promo": "45% de remise sur le 2ème", "page": 11, "source_url": "https://www.franprix.fr/courses/promotions?page=11"},
{"name": "Chewing-gum à la menthe verte sans sucres", "brand": "Hollywood", "price": "2,93", "size": "x40", "unit_price": "41,86 €", "unit_label": "KG", "promo": "20% de remise", "page": 11, "source_url": "https://www.franprix.fr/courses/promotions?page=11"},
{"name": "Chewing-gum à la menthe fraîche sans...", "brand": "Hollywood", "price": "2,93", "size": "x40", "unit_price": "41,86 €", "unit_label": "KG", "promo": "20% de remise", "page": 11, "source_url": "https://www.franprix.fr/courses/promotions?page=11"},
{"name": "Café capsules compatibles Nespresso...", "brand": "Starbucks", "price": "5,14", "size": "x10", "unit_price": "91,78 €", "unit_label": "KG", "promo": "55% de remise sur le 2ème", "page": 11, "source_url": "https://www.franprix.fr/courses/promotions?page=11"},
{"name": "Rasoirs jetables", "brand": "Venus", "price": "6,65", "size": "x4", "unit_price": "6,65 €", "unit_label": "KG", "promo": "55% de remise sur le 2ème", "page": 11, "source_url": "https://www.franprix.fr/courses/promotions?page=11"},
{"name": "Café en grains espresso barista perfetto...", "brand": "LAVAZZA", "price": "22,35", "size": "1kg", "unit_price": "22,35 €", "unit_label": "KG", "promo": null, "page": 11, "source_url": "https://www.franprix.fr/courses/promotions?page=11"},
{"name": "Café organic voix de la terre", "brand": "Lavazza", "price": "11,60", "size": "500g", "unit_price": "23,20 €", "unit_label": "KG", "promo": null, "page": 11, "source_url": "https://www.franprix.fr/courses/promotions?page=11"},
{"name": "Café en grain expresso", "brand": "Carte Noire", "price": "22,45", "size": "1kg", "unit_price": "22,45 €", "unit_label": "KG", "promo": null, "page": 11, "source_url": "https://www.franprix.fr/courses/promotions?page=11"},
{"name": "Café grains", "brand": "Carte Noire", "price": "21,99", "size": "1kg", "unit_price": "21,99 €", "unit_label": "KG", "promo": null, "page": 11, "source_url": "https://www.franprix.fr/courses/promotions?page=11"},
{"name": "gaufrette croustillante au cacao coeur au...", "brand": "Kinder", "price": "2,90", "size": "90G", "unit_price": "32,22 €", "unit_label": "KG", "promo": "45% de remise sur le 2ème", "page": 11, "source_url": "https://www.franprix.fr/courses/promotions?page=11"},
{"name": "Gel à raser labs", "brand": "Gillette", "price": "8,07", "size": "x1 Gilette", "unit_price": "40,76 €", "unit_label": "L", "promo": "55% de remise sur le 2ème", "page": 11, "source_url": "https://www.franprix.fr/courses/promotions?page=11"},
{"name": "Gel à raser peau sensible", "brand": "Gillette", "price": "4,30", "size": "200ml", "unit_price": "21,50 €", "unit_label": "L", "promo": "55% de remise sur le 2ème", "page": 11, "source_url": "https://www.franprix.fr/courses/promotions?page=11"},
{"name": "Bière blonde italienne 5°1", "brand": "Peroni", "price": "7,56", "size": "6x33cl", "unit_price": "3,82 €", "unit_label": "L", "promo": "25% de remise", "page": 11, "source_url": "https://www.franprix.fr/courses/promotions?page=11"},
{"name": "Eau minérale naturelle", "brand": "Sant'anna", "price": "2,62", "size": "6x50cl", "unit_price": "0,87 €", "unit_label": "L", "promo": "25% de remise", "page": 11, "source_url": "https://www.franprix.fr/courses/promotions?page=11"},
{"name": "Eau minérale naturelle baby bouchon", "brand": "Acqua Sant'Anna", "price": "3,00", "size": "6x25cl", "unit_price": "1,76 €", "unit_label": "L", "promo": "25% de remise", "page": 11, "source_url": "https://www.franprix.fr/courses/promotions?page=11"},
{"name": "Capsules compatibles Nespresso...", "brand": "Starbucks", "price": "5,09", "size": "x10", "unit_price": "99,80 €", "unit_label": "KG", "promo": "55% de remise sur le 2ème", "page": 11, "source_url": "https://www.franprix.fr/courses/promotions?page=11"},
{"name": "Capsules compatibles Nespresso...", "brand": "Starbucks", "price": "5,05", "size": "x10", "unit_price": "99,02 €", "unit_label": "KG", "promo": "55% de remise sur le 2ème", "page": 11, "source_url": "https://www.franprix.fr/courses/promotions?page=11"},
{"name": "Café capsules Compatibles Dolce Gusto...", "brand": "Nescafé", "price": "6,56", "size": "x16", "unit_price": "74,55 €", "unit_label": "KG", "promo": "45% de remise sur le 2ème", "page": 11, "source_url": "https://www.franprix.fr/courses/promotions?page=11"},
{"name": "Café capsule grande intensité 5", "brand": "Dolce Gusto", "price": "6,14", "size": "x16", "unit_price": "45,15 €", "unit_label": "KG", "promo": "45% de remise sur le 2ème", "page": 11, "source_url": "https://www.franprix.fr/courses/promotions?page=11"},
{"name": "Eau minérale Active+ saveur citron...", "brand": "Vittel", "price": "1,50", "size": "75CL", "unit_price": "2,00 €", "unit_label": "L", "promo": "45% de remise sur le 2ème", "page": 11, "source_url": "https://www.franprix.fr/courses/promotions?page=11"},
{"name": "Café capsules compatibles Dolce Gusto...", "brand": "Dolce gusto", "price": "7,09", "size": "X16", "unit_price": "68,17 €", "unit_label": "KG", "promo": "45% de remise sur le 2ème", "page": 11, "source_url": "https://www.franprix.fr/courses/promotions?page=11"},
{"name": "Café capsules compatibles Dolce Gusto long", "brand": "Dolce gusto", "price": "6,14", "size": "X16", "unit_price": "68,99 €", "unit_label": "KG", "promo": "45% de remise sur le 2ème", "page": 11, "source_url": "https://www.franprix.fr/courses/promotions?page=11"},
{"name": "Eau gazeuse aromatisée citron", "brand": "Perrier", "price": "5,41", "size": "6x50cl", "unit_price": "1,80 €", "unit_label": "L", "promo": "45% de remise sur le 2ème", "page": 11, "source_url": "https://www.franprix.fr/courses/promotions?page=11"},
{"name": "Eau gazeuse aromatisée citron vert", "brand": "Maison perrier", "price": "3,83", "size": "6x33cl", "unit_price": "1,93 €", "unit_label": "L", "promo": "45% de remise sur le 2ème", "page": 11, "source_url": "https://www.franprix.fr/courses/promotions?page=11"},
{"name": "Boisson gazeuse aromatisée lemonjito", "brand": "Maison perrier", "price": "3,78", "size": "4x25cl", "unit_price": "3,78 €", "unit_label": "L", "promo": "45% de remise sur le 2ème", "page": 11, "source_url": "https://www.franprix.fr/courses/promotions?page=11"},
{"name": "Boisson énergisante aromatisée mûre", "brand": "Maison perrier", "price": "1,05", "size": "25cl", "unit_price": "4,20 €", "unit_label": "L", "promo": "45% de remise sur le 2ème", "page": 11, "source_url": "https://www.franprix.fr/courses/promotions?page=11"},
{"name": "Boisson énergisante aromatisée pêche", "brand": "Maison perrier", "price": "1,05", "size": "25cl", "unit_price": "4,20 €", "unit_label": "L", "promo": "45% de remise sur le 2ème", "page": 11, "source_url": "https://www.franprix.fr/courses/promotions?page=11"},
{"name": "Eau gazeuse aromatisée ananas mangue", "brand": "Maison perrier", "price": "3,78", "size": "4x25cl", "unit_price": "3,78 €", "unit_label": "L", "promo": "45% de remise sur le 2ème", "page": 11, "source_url": "https://www.franprix.fr/courses/promotions?page=11"},
{"name": "Dolce gusto kitkat", "brand": "Dolce gusto", "price": "6,14", "size": "256g", "unit_price": "23,98 €", "unit_label": "KG", "promo": "45% de remise sur le 2ème", "page": 11, "source_url": "https://www.franprix.fr/courses/promotions?page=11"},
{"name": "Lessive pods active+", "brand": "Ariel", "price": "11,43", "size": "x19", "unit_price": "25,51 €", "unit_label": "KG", "promo": "25% de remise", "page": 11, "source_url": "https://www.franprix.fr/courses/promotions?page=11"},
{"name": "Lessive pods alpine", "brand": "Ariel", "price": "9,37", "size": "x19", "unit_price": "24,27 €", "unit_label": "KG", "promo": "25% de remise", "page": 11, "source_url": "https://www.franprix.fr/courses/promotions?page=11"},
{"name": "Lessive pods original", "brand": "Ariel", "price": "9,37", "size": "x19", "unit_price": "24,09 €", "unit_label": "KG", "promo": "25% de remise", "page": 11, "source_url": "https://www.franprix.fr/courses/promotions?page=11"},
{"name": "Shampooing 2 en 1 classic", "brand": "Head & shoulders", "price": "7,66", "size": "300ml", "unit_price": "25,53 €", "unit_label": "L", "promo": "45% de remise sur le 2ème", "page": 11, "source_url": "https://www.franprix.fr/courses/promotions?page=11"},
{"name": "Shampooing antipelliculaire classic", "brand": "Head & shoulders", "price": "6,93", "size": "330ml", "unit_price": "21,00 €", "unit_label": "L", "promo": "45% de remise sur le 2ème", "page": 11, "source_url": "https://www.franprix.fr/courses/promotions?page=11"},
{"name": "Shampooing 2 en 1 citrus", "brand": "Head & shoulders", "price": "7,66", "size": "300ml", "unit_price": "25,53 €", "unit_label": "L", "promo": "45% de remise sur le 2ème", "page": 11, "source_url": "https://www.franprix.fr/courses/promotions?page=11"},
{"name": "Shampooing 2 en 1 anti démangeaisons", "brand": "Head & shoulders", "price": "6,93", "size": "300ml", "unit_price": "23,10 €", "unit_label": "L", "promo": "45% de remise sur le 2ème", "page": 11, "source_url": "https://www.franprix.fr/courses/promotions?page=11"},
{"name": "Shampooing 2 en 1 menthol", "brand": "Head & shoulders", "price": "6,82", "size": "300ml", "unit_price": "22,73 €", "unit_label": "L", "promo": "45% de remise sur le 2ème", "page": 11, "source_url": "https://www.franprix.fr/courses/promotions?page=11"},
{"name": "Shampooing antipelliculaire citrus fresh", "brand": "Head & shoulders", "price": "7,14", "size": "330ml", "unit_price": "21,64 €", "unit_label": "L", "promo": "45% de remise sur le 2ème", "page": 11, "source_url": "https://www.franprix.fr/courses/promotions?page=11"},
{"name": "Shampooing antipelliculaire hydratant...", "brand": "Head & shoulders", "price": "7,30", "size": "330ml", "unit_price": "22,12 €", "unit_label": "L", "promo": "45% de remise sur le 2ème", "page": 11, "source_url": "https://www.franprix.fr/courses/promotions?page=11"},
{"name": "Serviettes incontinence ultimate extra...", "brand": "Always", "price": "8,82", "size": "x12", "unit_price": "8,82 €", "unit_label": "KG", "promo": "55% de remise sur le 2ème", "page": 11, "source_url": "https://www.franprix.fr/courses/promotions?page=11"},
{"name": "Serviettes longues pour fuites urinaires", "brand": "Always", "price": "10,66", "size": "x16", "unit_price": "10,66 €", "unit_label": "KG", "promo": "55% de remise sur le 2ème", "page": 12, "source_url": "https://www.franprix.fr/courses/promotions?page=12"},
{"name": "Tablettes lave vaisselle original...", "brand": "Fairy", "price": "9,40", "size": "x19", "unit_price": "37,90 €", "unit_label": "KG", "promo": "45% de remise sur le 2ème", "page": 12, "source_url": "https://www.franprix.fr/courses/promotions?page=12"},
{"name": "Capsules lave vaisselle original tout en 1", "brand": "Fairy", "price": "11,89", "size": "x22", "unit_price": "40,03 €", "unit_label": "KG", "promo": "45% de remise sur le 2ème", "page": 12, "source_url": "https://www.franprix.fr/courses/promotions?page=12"},
{"name": "Shampoing aquapure régulateur", "brand": "Head & shoulders", "price": "6,35", "size": "250ml", "unit_price": "25,40 €", "unit_label": "L", "promo": "45% de remise sur le 2ème", "page": 12, "source_url": "https://www.franprix.fr/courses/promotions?page=12"},
{"name": "Shampooing antipelliculaire pure intense...", "brand": "Head & shoulders", "price": "6,99", "size": "250ml", "unit_price": "27,96 €", "unit_label": "L", "promo": "45% de remise sur le 2ème", "page": 12, "source_url": "https://www.franprix.fr/courses/promotions?page=12"},
{"name": "Shampooing antipelliculaire détox", "brand": "Head & shoulders", "price": "6,99", "size": "250ml", "unit_price": "27,96 €", "unit_label": "L", "promo": "45% de remise sur le 2ème", "page": 12, "source_url": "https://www.franprix.fr/courses/promotions?page=12"},
{"name": "Lessive pods active+ 19 lavages", "brand": "Ariel", "price": "11,53", "size": "x1", "unit_price": "28,54 €", "unit_label": "KG", "promo": "25% de remise", "page": 12, "source_url": "https://www.franprix.fr/courses/promotions?page=12"},
{"name": "Lessive pods original 19 lavages", "brand": "Ariel", "price": "9,29", "size": "x1", "unit_price": "26,85 €", "unit_label": "KG", "promo": "25% de remise", "page": 12, "source_url": "https://www.franprix.fr/courses/promotions?page=12"},
{"name": "Lessive pods alpine 19 lavages", "brand": "Ariel", "price": "9,29", "size": "x1", "unit_price": "26,93 €", "unit_label": "KG", "promo": "25% de remise", "page": 12, "source_url": "https://www.franprix.fr/courses/promotions?page=12"},
{"name": "Sauce Sriracha chilli hot", "brand": "Go Tan", "price": "4,04", "size": "215ml", "unit_price": "18,79 €", "unit_label": "L", "promo": "100% de remise sur le 3ème", "page": 12, "source_url": "https://www.franprix.fr/courses/promotions?page=12"},
{"name": "Café en grains", "brand": "L'or", "price": "24,99", "size": "1000g", "unit_price": "24,99 €", "unit_label": "KG", "promo": "55% de remise sur le 2ème", "page": 12, "source_url": "https://www.franprix.fr/courses/promotions?page=12"},
{"name": "Crème glacée cookie dough cool-lection", "brand": "Ben & jerry's", "price": "7,35", "size": "4x100ml", "unit_price": "25,52 €", "unit_label": "KG", "promo": "20% de remise", "page": 12, "source_url": "https://www.franprix.fr/courses/promotions?page=12"},
{"name": "Dessert Glacé Spectaculove", "brand": "Ben & jerry's", "price": "5,71", "size": "465ml", "unit_price": "12,28 €", "unit_label": "L", "promo": "20% de remise", "page": 12, "source_url": "https://www.franprix.fr/courses/promotions?page=12"},
{"name": "Peaces salted caramel brownie", "brand": "Ben & jerry's", "price": "5,71", "size": "150g", "unit_price": "38,07 €", "unit_label": "KG", "promo": "20% de remise", "page": 12, "source_url": "https://www.franprix.fr/courses/promotions?page=12"},
{"name": "Peaces cookie dough", "brand": "Ben & jerry's", "price": "5,68", "size": "150g", "unit_price": "37,87 €", "unit_label": "KG", "promo": "20% de remise", "page": 12, "source_url": "https://www.franprix.fr/courses/promotions?page=12"},
{"name": "Liquide vaisselle dégraissant", "brand": "Paic", "price": "2,21", "size": "750ml", "unit_price": "2,95 €", "unit_label": "L", "promo": "25% de remise", "page": 12, "source_url": "https://www.franprix.fr/courses/promotions?page=12"},
{"name": "Liquide vaisselle ultra dégraissant", "brand": "Paic", "price": "2,43", "size": "500ml", "unit_price": "4,86 €", "unit_label": "L", "promo": "25% de remise", "page": 12, "source_url": "https://www.franprix.fr/courses/promotions?page=12"},
{"name": "Dentifrice active prévention blancheur", "brand": "Colgate", "price": "2,48", "size": "75ml", "unit_price": "33,07 €", "unit_label": "L", "promo": "25% de remise", "page": 12, "source_url": "https://www.franprix.fr/courses/promotions?page=12"},
{"name": "Lessive active clean bio capsule 3 en 1", "brand": "Skip", "price": "11,62", "size": "x26", "unit_price": "21,09 €", "unit_label": "KG", "promo": "25% de remise", "page": 12, "source_url": "https://www.franprix.fr/courses/promotions?page=12"},
{"name": "Lessive capsule pods fraîcheur intense", "brand": "Skip", "price": "11,62", "size": "x26", "unit_price": "21,09 €", "unit_label": "KG", "promo": "25% de remise", "page": 12, "source_url": "https://www.franprix.fr/courses/promotions?page=12"},
{"name": "Deodorant spray original", "brand": "Dove", "price": "5,09", "size": "200ml", "unit_price": "25,45 €", "unit_label": "L", "promo": "55% de remise sur le 2ème", "page": 12, "source_url": "https://www.franprix.fr/courses/promotions?page=12"},
{"name": "Deodorant spray original", "brand": "Dove", "price": "4,83", "size": "100ml", "unit_price": "48,30 €", "unit_label": "L", "promo": "55% de remise sur le 2ème", "page": 12, "source_url": "https://www.franprix.fr/courses/promotions?page=12"},
{"name": "Lessive liquide cycle court efficacité...", "brand": "Skip", "price": "12,95", "size": "1.48l", "unit_price": "8,75 €", "unit_label": "L", "promo": "25% de remise", "page": 12, "source_url": "https://www.franprix.fr/courses/promotions?page=12"},
{"name": "Tablette vaisselle 4en1 regular x24tabs", "brand": "Sun", "price": "6,67", "size": "X1", "unit_price": "18,53 €", "unit_label": "KG", "promo": "25% de remise", "page": 12, "source_url": "https://www.franprix.fr/courses/promotions?page=12"},
{"name": "Fromage en tranches le moelleux", "brand": "Leerdammer", "price": "2,77", "size": "150g", "unit_price": "18,47 €", "unit_label": "KG", "promo": "25% de remise", "page": 12, "source_url": "https://www.franprix.fr/courses/promotions?page=12"},
{"name": "Fromage en tranches", "brand": "Leerdammer", "price": "3,70", "size": "200g", "unit_price": "18,50 €", "unit_label": "KG", "promo": "45% de remise sur le 2ème", "page": 12, "source_url": "https://www.franprix.fr/courses/promotions?page=12"},
{"name": "Original 5 tranches « format malin »", "brand": "Leerdammer", "price": "2,16", "size": "125g", "unit_price": "17,28 €", "unit_label": "KG", "promo": "25% de remise", "page": 12, "source_url": "https://www.franprix.fr/courses/promotions?page=12"},
{"name": "Chewing-gum à la chlorophylle parfum...", "brand": "Hollywood", "price": "3,00", "size": "Les 5 étuis de 11 tablettes - 155 g", "unit_price": "19,35 €", "unit_label": "KG", "promo": "20% de remise", "page": 12, "source_url": "https://www.franprix.fr/courses/promotions?page=12"},
{"name": "Chewing-gum menthe chlorophylle 2fresh", "brand": "Hollywood", "price": "2,39", "size": "3x10", "unit_price": "36,21 €", "unit_label": "KG", "promo": "20% de remise", "page": 12, "source_url": "https://www.franprix.fr/courses/promotions?page=12"},
{"name": "Chewing-gum menthe forte 2fresh", "brand": "Hollywood", "price": "2,39", "size": "3x10", "unit_price": "36,21 €", "unit_label": "KG", "promo": "20% de remise", "page": 12, "source_url": "https://www.franprix.fr/courses/promotions?page=12"},
{"name": "Chewing-gum à la menthe forte sans sucres...", "brand": "Hollywood", "price": "3,04", "size": "Les 5 boÃ®tes de 10 dragÃ©es - 70 g", "unit_price": "43,43 €", "unit_label": "KG", "promo": "20% de remise", "page": 12, "source_url": "https://www.franprix.fr/courses/promotions?page=12"},
{"name": "Déodorant spray compressé femme anti...", "brand": "Monsavon", "price": "2,59", "size": "100ml", "unit_price": "25,90 €", "unit_label": "L", "promo": "25% de remise", "page": 12, "source_url": "https://www.franprix.fr/courses/promotions?page=12"}
]